## Add or remove entries from etc/static_entries.bib for docushare items not appearing in lsst.io

@TechReport{RDO-013,
  author = {Robert Blum and the Rubin Operations Team},
  title = "{Vera C. Rubin Observatory
Data Policy}",
  year = {2020},
  month =        sep,
institution = "{NSF-DOE Vera C. Rubin Observatory}",
   url =    {https://ls.st/RDO-013},
type = "{Data Management Operations Controlled Document}",
number = "RDO-013",
  handle = {RDO-013}
}

@TechReport{Agreement-51,
  author = {LSST},
  title = "{Memorandum of Agreement regarding collaboration in the scientific exploitation of data acquired with LSST by specified Principal Investigators and scientists at IN2P3}",
  year = {2015},
  month =        mar,
institution = "{NSF-DOE Vera C. Rubin Observatory}",
   url =    {https://ls.st/Agreement-51},
type = "{Formal Construction Agreement}",
number = "Agreement-51",
  handle = {Agreement-51}
}

@TechReport{Document-1386,
  author =       {Jacek Becla},
  title =        "{Database Ingest Tests}",
  year =         2006,
  month =        mar,
institution = "{NSF-DOE Vera C. Rubin Observatory}",
   url =          {https://ls.st/Document-1386},
type = "{Informal Construction Document}",
number = "Document-1386",
  handle =       {Document-1386},
}



@TechReport{Document-5356,
  author =       {Tim Axelrod and Robyn Allsman and Jeff Kantor and Jon Myers and
                  Francesco Pierfederici and Serge Monkewicz and Greg Daues and
                  David Gehrig and Steve Pietrowicz and Raymond Plante and
                  Jacek Becla and Kian-Tat Lim and Andrew Becker and Lynne Jones and
                  Russell Owen and Nicole Silvestri and Robert H. Lupton and
                  Jeff Bartels and Phil Pinto and Jeff Kantor and
                  Michael Strauss and Don Sweeney},
  title =        "{LSST Data Challenge 2}",
  year =         2008,
  month =        apr,
institution = "{NSF-DOE Vera C. Rubin Observatory}",
   url =          {https://ls.st/Document-5356},
type = "{Informal Construction Document}",
number = "Document-5356",
  handle =       {Document-5356},
}

@TechReport{Document-5373,
  author =       {Phil Pinto and Jeff Kantor and Michael Strauss and Don Sweeney},
  title =        "{Data Access White Paper}",
  year =         2008,
  month =        apr,
institution = "{NSF-DOE Vera C. Rubin Observatory}",
   url =          {https://ls.st/Document-5373},
type = "{Informal Construction Document}",
number = "Document-5373",
  handle =       {Document-5373},
}

@TechReport{Document-7025,
  author =       {Jeff Kantor and Victor Krabbendam},
  title =        "{DM Risk Register}",
  year =         2011,
  month =        aug,
institution = "{NSF-DOE Vera C. Rubin Observatory}",
   url =          {https://ls.st/Document-7025},
type = "{Informal Construction Document}",
number = "Document-7025",
  handle =       {Document-7025},
}

@TechReport{Document-8256,
  author =       {Jacek Becla},
  title =        "{Evaluation of Database Solutions}",
  year =         2009,
  month =        nov,
institution = "{NSF-DOE Vera C. Rubin Observatory}",
   url =          {https://ls.st/Document-8256},
type = "{Informal Construction Document}",
number = "Document-8256",
  handle =       {Document-8256},
}

@TechReport{Document-8590,
  author =       {Andrew Rasmussen},
  title =        "{Sensor Modeling for the LSST Camera Focal Plane: Current Status of SLAC Originated Code}",
  year =         2015,
  month =        jul,
institution = "{NSF-DOE Vera C. Rubin Observatory}",
   url =          {https://ls.st/Document-8590},
type = "{Informal Construction Document}",
number = "Document-8590",
  handle =       {Document-8590},
}

@TechReport{Document-9044,
  author =       {Jeff Kantor and Tim Axelrod and Robyn Allsman
                  and Mike Freemon and K-T Lim},
  title =        "{Data Challenge 3b Overview}",
  year =         2010,
  month =        mar,
institution = "{NSF-DOE Vera C. Rubin Observatory}",
   url =          {https://ls.st/Document-9044},
type = "{Informal Construction Document}",
number = "Document-9044",
  handle =       {Document-9044},
}

@TechReport{Document-9224,
  author =       {George Angeli and Robert McKercher},
  title =        "{Change Controlled Document Cover Page and Style Guide}",
  year =         2013,
  month =        oct,
institution = "{NSF-DOE Vera C. Rubin Observatory}",
   url =          {https://ls.st/Document-9224},
type = "{Informal Construction Document}",
number = "Document-9224",
  handle =       {Document-9224},
}

@TechReport{Document-9541,
  author =       {Ray Plante and Robyn Allsman and Tim Axelrood and Jacek Becla
                  and Cristina Beldica and Greg Daues and Jeff Kantor and Jonathan Myers
                  and Russell Owen and Steve Pietrowicz},
  title =        "{Results from Data Challenge 1}",
  year =         2010,
  month =        jul,
institution = "{NSF-DOE Vera C. Rubin Observatory}",
   url =          {https://ls.st/Document-9541},
type = "{Informal Construction Document}",
number = "Document-9541",
  handle =       {Document-9541},
}


@TechReport{Document-10548,
  author = {William S. Smith and Steven M.  Kahn and Donald W Sweeney and J. Anthony Tyson and Sidney C Wolff  },
   title = "{Fastlane Proposal for Construction of the Large Synoptic Survey Telescope}",
    year = 2011,
   month = feb,
institution = "{NSF-DOE Vera C. Rubin Observatory}",
   url =    {https://ls.st/Document-10548},
type = "{Informal Construction Document}",
number = "Document-10548",
  handle = {Document-10548},
}

@TechReport{Document-10549,
  author =       {Sidney C. Wolff and Steven M. Kahn and Victor L. Krabbendam
                  and Donald W. Sweeney and J. Anthony Tyson},
  title =        "{Proposal to the National Science Foundation}",
  year =         2011,
  month =        feb,
institution = "{NSF-DOE Vera C. Rubin Observatory}",
   url =          {https://ls.st/Document-10549},
type = "{Informal Construction Document}",
number = "Document-10549",
  handle =       {Document-10549},
}

@TechReport{Document-10762,
  author =       {Richard Shaw and Michael Strauss},
  title =        "{LSST Data Challenge Handbook Version 1.1}",
  year =         2011,
  month =        aug,
institution = "{NSF-DOE Vera C. Rubin Observatory}",
   url =          {https://ls.st/Document-10762},
type = "{Informal Construction Document}",
number = "Document-10762",
  handle =       {Document-10762},
}

@TechReport{Document-10963,
  author =       {Zhaoming Ma and others},
  title =        {{Science White Paper for LSST Deep-Drilling Field Observations: Using LSST Deep Drilling Fields to Improve Weak Lensing Measurements}},
  year =         2011,
institution = "{NSF-DOE Vera C. Rubin Observatory}",
   url =    {https://ls.st/Document-10963},
type = "{Informal Construction Document}",
number = "Document-10963",
  handle = {Document-10963},
}

@TechReport{Document-11013,
  author =       {Becker, A. and others},
  title =        {{Science White Paper for LSST Deep-Drilling Field Observations Opportunities for Solar System Science}},
  year =         2011,
institution = "{NSF-DOE Vera C. Rubin Observatory}",
   url =    {https://ls.st/Document-11013},
type = "{Informal Construction Document}",
number = "Document-11013",
  handle = {Document-11013},
}

@TechReport{Document-11019,
  author =       {Arlin Crotts},
  title =        {{Standard Candle Relations and Photo-diversity of Type Ia Supernovae}},
  year =         2011,
institution = "{NSF-DOE Vera C. Rubin Observatory}",
   url =    {https://ls.st/Document-11019},
type = "{Informal Construction Document}",
number = "Document-11019",
  handle = {Document-11019},
}

@TechReport{Document-11622,
  author =       {William Smith and Victor Perez Vera},
  title =        {Supplementary and Clarifying Agreement between the Universidad de Chile and AURA covering the use of the LSST on Cerro Pachon},
  year =         2011,
institution = "{NSF-DOE Vera C. Rubin Observatory}",
   url =          {https://ls.st/Document-11622},
type = "{Informal Construction Document}",
number = "Document-11622",
  handle =       {Document-11622},
}

@TechReport{Document-11624,
  author =       {{LSST Science Council}},
  title =        "{Optimization of LSST Deployment Parameters}",
  year =         2011,
  month =        jul,
institution = "{NSF-DOE Vera C. Rubin Observatory}",
   url =          {https://ls.st/Document-11624},
type = "{Informal Construction Document}",
number = "Document-11624",
  handle =       {Document-11624},
}

@TechReport{Document-11625,
  author =       {Jacek Becla and K-T Lim and Daniel Wang},
  title =        "{Database Architecture}",
  year =         2011,
  month =        jul,
institution = "{NSF-DOE Vera C. Rubin Observatory}",
   url =          {https://ls.st/Document-11625},
type = "{Informal Construction Document}",
number = "Document-11625",
  handle =       {Document-11625},
}

@TechReport{Document-11701,
  author =       {Jacek Becla and Kian-Tat Lim and Daniel Wang},
  title =        "{Evaluation of Solid State Disks}",
  year =         2011,
  month =        jul,
institution = "{NSF-DOE Vera C. Rubin Observatory}",
   url =          {https://ls.st/Document-11701},
type = "{Informal Construction Document}",
number = "Document-11701",
  handle =       {Document-11701},
}

@TechReport{Document-11920,
  author =       {George Angeli and Robert McKercher},
  title =        "{Document Cover Page and Style Guide}",
  year =         2013,
  month =        oct,
institution = "{NSF-DOE Vera C. Rubin Observatory}",
   url =          {https://ls.st/Document-11920},
type = "{Informal Construction Document}",
number = "Document-11920",
  handle =       {Document-11920},
}

@TechReport{Document-13380,
  author =       {Sidney Wolff and Steven Kahn},
  title =        "{Data Rights and Data Management Policy}",
  year =         2013,
  month =        aug,
institution = "{NSF-DOE Vera C. Rubin Observatory}",
   url =          {https://ls.st/Document-13380},
type = "{Informal Construction Document}",
number = "Document-13380",
  handle =       {Document-13380},
}

@TechReport{Document-13760,
  author =       {Erin Carlson},
  title =        "{Travel Request Instructions for AURA Employees}",
  year =         2017,
  month =        jan,
institution = "{NSF-DOE Vera C. Rubin Observatory}",
   url =          {https://ls.st/Document-13760},
type = "{Informal Construction Document}",
number = "Document-13760",
  handle =       {Document-13760},
}

@TechReport{Document-13762,
  author =       {Erin Carlson},
  title =        "{LSST Travel Summary Report Template}",
  year =         2017,
  month =        may,
institution = "{NSF-DOE Vera C. Rubin Observatory}",
   url =          {https://ls.st/Document-13762},
type = "{Informal Construction Document}",
number = "Document-13762",
  handle =       {Document-13762},
}

@TechReport{Document-15077,
  author =        {Sidney Wolff},
  title =         "{LSST Project Overview}",
  year =          2013,
  month=          sep,
institution = "{NSF-DOE Vera C. Rubin Observatory}",
   url =           {https://ls.st/Document-15077},
type = "{Informal Construction Document}",
number = "Document-15077",
  handle =        {Document-15077},
}

@TechReport{Document-15097,
  author =       {K-T Lim},
  title =        "{LSST Data Challenge Report: Summer 2013}",
  year =         2013,
  month =        sep,
institution = "{NSF-DOE Vera C. Rubin Observatory}",
   url =          {https://ls.st/Document-15097},
type = "{Informal Construction Document}",
number = "Document-15097",
  handle =       {Document-15097},
}

@TechReport{Document-15125,
  author =       {Peter Yoachim and Lynne Jones and {\v
                  Z}. {Ivezi{\'c}} and Tim Axelrod},
  title =        "{Photometric Self Calibration Design and Prototype}",
  year =         2013,
  month =        oct,
institution = "{NSF-DOE Vera C. Rubin Observatory}",
   url =          {https://ls.st/Document-15125},
type = "{Informal Construction Document}",
number = "Document-15125",
  handle =       {Document-15125},
}

@TechReport{Document-15286,
  author =       {Richard A. Shaw},
  title =        "{LSST Data Challenge Handbook: Summer 2012 Data Release}",
  year =         2012,
  month =        aug,
institution = "{NSF-DOE Vera C. Rubin Observatory}",
   url =          {https://ls.st/Document-15286},
type = "{Informal Construction Document}",
number = "Document-15286",
  handle =       {Document-15286},
}

@TechReport{Document-15298,
  author =       {J. Bosch and P. Gee and R. Owen and M. Juri\'c},
  title =        "{LSST DM S13 Report: Shapre Measurement Plans and Prototypes}",
  year =         2013,
  month =        oct,
institution = "{NSF-DOE Vera C. Rubin Observatory}",
   url =          {https://ls.st/Document-15298},
type = "{Informal Construction Document}",
number = "Document-15298",
  handle =       {Document-15298},
}

@TechReport{Document-15299,
  author =       {Richard A. Shaw},
  title =        "{LSST Data Challenge Handbook: Winter 2013 Early Data Release}",
  year =         2013,
  month =        jan,
institution = "{NSF-DOE Vera C. Rubin Observatory}",
   url =          {https://ls.st/Document-15299},
type = "{Informal Construction Document}",
number = "Document-15299",
  handle =       {Document-15299},
}

@TechReport{Document-16168,
  author =       {{LSST Systems Engineering}},
  title =        "{{LSST Key System Parameters Summary}}",
  year =         2014,
  month =        jan,
institution = "{NSF-DOE Vera C. Rubin Observatory}",
   url =          {https://ls.st/Document-16168},
type = "{Informal Construction Document}",
number = "Document-16168",
  handle =       {Document-16168},
}

@TechReport{Document-26217,
  author =       {Jeff Kantor},
  title =        "{Data Challenge 3b Performance Test 1.1}",
  year =         2010,
  month =        aug,
institution = "{NSF-DOE Vera C. Rubin Observatory}",
   url =          {https://ls.st/Document-26217},
type = "{Informal Construction Document}",
number = "Document-26217",
  handle =       {Document-26217},
}

@TechReport{Document-26273,
  author =       {Brian Selvy},
  title =        "{Risk \& Opportunity Management Report May 2017}",
  year =         2017,
  month =        jul,
institution = "{NSF-DOE Vera C. Rubin Observatory}",
   url =          {https://ls.st/Document-26273},
type = "{Informal Construction Document}",
number = "Document-26273",
  handle =       {Document-26273},
}

@TechReport{Document-26952,
  author =       {{Science Working Group of the LSST} and Michael A. Strauss},
  title =        "{Towards a Design Reference Mission for the Large Synoptic Survey Telescope}",
  year =         2004,
  month =        jun,
institution = "{NSF-DOE Vera C. Rubin Observatory}",
   url =          {https://ls.st/Document-26952},
type = "{Informal Construction Document}",
number = "Document-26952",
  handle =       {Document-26952},
}

@TechReport{Document-26276,
  author =       {Jacek Becla and K-T Lim and Daniel Wang},
  title =        "{Scalable Partitioning}",
  year =         2013,
  month =        feb,
institution = "{NSF-DOE Vera C. Rubin Observatory}",
   url =          {https://ls.st/Document-26276},
type = "{Informal Construction Document}",
number = "Document-26276",
  handle =       {Document-26276},
}

@TechReport{PSTN-001,
  author =       {{\v Z}. {Ivezi{\'c}} and {LSST Project Science Team}},
  title =        "{On the choice of LSST flux units}",
  year =         2018,
  month =        feb,
type = "{Project Science Technical Note}",
number = "PSTN-001",
  handle =       {PSTN-001},
institution = "{NSF-DOE Vera C. Rubin Observatory}",
   url =          {PSTN-001.lsst.io}
}

@TechReport{Document-28449,
  author =       {F. Delgado},
  title =        "{Project Response to Telescope \& Site Software Review Report 2018-02}",
  year =         2018,
  month =        may,
institution = "{NSF-DOE Vera C. Rubin Observatory}",
   url =          {https://ls.st/Document-28449},
type = "{Informal Construction Document}",
number = "Document-28449",
  handle =       {Document-28449},
}

@TechReport{Document-28547,
  author =       {J. Kantor},
  title =        "{LSST Network Bandwidth Tests between Chile and the United States }",
  year =         2018,
  month =        jun,
institution = "{NSF-DOE Vera C. Rubin Observatory}",
   url =          {https://ls.st/Document-28547},
type = "{Informal Construction Document}",
number = "Document-28547",
  handle =       {Document-28547},
}

@TechReport{Document-28973,
  author =       {R. Gill},
  title =        "{LSST MEETINGS CODE OF CONDUCT}",
  year =         2018,
  month =        jul,
institution = "{NSF-DOE Vera C. Rubin Observatory}",
   url =          {https://ls.st/Document-28973},
type = "{Informal Construction Document}",
number = "Document-28973",
  handle =       {Document-28973},
}

@TechReport{Document-24920,
  author =       {R. Gill},
  title =        "{LSST COMMUNICATIONS CODE OF CONDUCT}",
  year =         2018,
  month =        jul,
institution = "{NSF-DOE Vera C. Rubin Observatory}",
   url =          {https://ls.st/Document-24920},
type = "{Informal Construction Document}",
number = "Document-24920",
  handle =       {Document-24920}
}

@TechReport{Document-31100,
  author =       {J. Ross Thomson},
  title =        "{LSST Benchmarkin of Qserv and BigQuery}",
  year =         2019,
  month =        jan,
institution = "{NSF-DOE Vera C. Rubin Observatory}",
   url =          {https://ls.st/Document-31100},
type = "{Informal Construction Document}",
number = "Document-31100",
  handle =       {Document-31100}
}

@TechReport{Document-32503,
  author =       {Kian-Tat Lim and Review Committee},
  title =        "{Identity Management Review Report}",
  year =         2019,
  month =        apr,
institution = "{NSF-DOE Vera C. Rubin Observatory}",
   url =          {https://ls.st/Document-32503},
type = "{Informal Construction Document}",
number = "Document-32503",
  handle =       {Document-32503}
}

@TechReport{Document-35896,
  author =       {Federica Bianco and  SCs coordinator and  TVS SC},
  title =        "{MEMO on the impact of delays in pixel-level data access}",
  year =         2020,
  month =        may,
institution = "{NSF-DOE Vera C. Rubin Observatory}",
   url =          {https://ls.st/Document-35896},
type = "{Informal Construction Document}",
number = "Document-35896",
  handle =       {Document-35896}
}

@TechReport{LCA-227,
  author =       {Martin Nordby and Nadine Kurita and Frank O'Neill and Darren Marsh},
  title =        "{LSST Camera Quality Implementation Plan}",
  year =         2014,
  month =        sep,
institution = "{NSF-DOE Vera C. Rubin Observatory}",
   url =          {https://ls.st/LCA-227},
type = "{Camera Controlled Document}",
number = "LCA-227",
  handle =       {LCA-227},
}

@TechReport{LCA-13381,
  author =       {Martin Nordby and {LSST Camera Team}},
  title =        "{LSST Camera Detector Plane Layout}",
  year =         2020,
  month =        sep,
institution = "{NSF-DOE Vera C. Rubin Observatory}",
   url =          {https://ls.st/LCA-13381},
type = "{Camera Controlled Document}",
number = "LCA-13381",
  handle =       {LCA-13381},
}

@TechReport{LDM-17,
  author =       {Tim Axelrod and others},
  title =        "{LSST Data Challenge 3a Final Report}",
  year =         2009,
  month =        aug,
institution = "{NSF-DOE Vera C. Rubin Observatory}",
   url =          {https://ls.st/LDM-17},
type = "{Data Management Controlled Document}",
number = "LDM-17",
  handle =       {LDM-17},
}

@TechReport{LDM-129,
  author =       {Don Petravick and Margaret Johnson and Michelle Butler},
  title =        "{LSST Data Facility Logical Information Technology and
                   Communications Design}",
  year =         2018,
  month =        jul,
institution = "{NSF-DOE Vera C. Rubin Observatory}",
   url =          {https://ls.st/LDM-129},
type = "{Data Management Controlled Document}",
number = "LDM-129",
  handle =       {LDM-129},
}

@TechReport{LDM-130,
  author =       {David Ciardi and Gregory Dubois-Felsmann and Xiuqin Wu},
  title =        "{LSST Science User Interface and Tools Requirements}",
  year =         2017,
  month =        sep,
institution = {Vera C. Rubin Observatory and IPAC},
   url =          {https://ls.st/LDM-130},
type = "{Data Management Controlled Document}",
number = "LDM-130",
  handle =       {LDM-130},
}

@TechReport{LDM-131,
  author =       {Schuyler {van Dyk} and Deborah Levine},
  title =        {Science User Interface and Science User Tools
                  Conceptual Design},
  year =         2013,
  month =        oct,
institution = "{NSF-DOE Vera C. Rubin Observatory}",
   url =          {https://ls.st/LDM-131},
type = "{Data Management Controlled Document}",
number = "LDM-131",
  handle =       {LDM-131},
}

@TechReport{LDM-133,
  author =       {Mario Juri\'c and Kian-Tat Lim and Jeff Kantor},
  title =        "{Data Management UML Domain Model}",
  year =         2013,
  month =        oct,
institution = "{NSF-DOE Vera C. Rubin Observatory}",
   url =          {https://ls.st/LDM-133},
type = "{Data Management Controlled Document}",
number = "LDM-133",
  handle =       {LDM-133},
}

@TechReport{LDM-134,
  author =       {Mario Juri\'c and Robyn Allsman and Jeff Kantor},
  title =        "{Data Management Applications UML Use Case Model}",
  year =         2013,
  month =        oct,
institution = "{NSF-DOE Vera C. Rubin Observatory}",
   url =          {https://ls.st/LDM-134},
type = "{Data Management Controlled Document}",
number = "LDM-134",
  handle =       {LDM-134},
}

@TechReport{LDM-138,
  author =       {Jeff Kantor and Tim Axelrod and Kian-Tat Lim},
  title =        "{Data Management Compute Sizing Model}",
  year =         2013,
  month =        oct,
institution = "{NSF-DOE Vera C. Rubin Observatory}",
   url =          {https://ls.st/LDM-138},
type = "{Data Management Controlled Document}",
number = "LDM-138",
  handle =       {LDM-138},
}

@TechReport{LDM-139,
  author =       {Jacek Becla and K.-T. Lim},
  title =        {Data Management Storage Sizing and I/O Model
                  Explanation},
  year =         2013,
  month =        oct,
institution = "{NSF-DOE Vera C. Rubin Observatory}",
   url =          {https://ls.st/LDM-139},
type = "{Data Management Controlled Document}",
number = "LDM-139",
  handle =       {LDM-139},
}

@TechReport{LDM-140,
  author =       {Kian-Tat Lim and Chris Smith and Tim Axelrod and
                  Gregory Dubois-Felsmann and Mike Freemon},
  title =        "{Data Management Compute Sizing Explanation}",
  year =         2013,
  month =        oct,
institution = "{NSF-DOE Vera C. Rubin Observatory}",
   url =          {https://ls.st/LDM-140},
type = "{Data Management Controlled Document}",
number = "LDM-140",
  handle =       {LDM-140},
}

@TechReport{LDM-141,
  author =       {Jacek Becla and K.-T. Lim},
  title =        "{Data Management Storage Sizing and I/O Model}",
  year =         2013,
  month =        oct,
institution = "{NSF-DOE Vera C. Rubin Observatory}",
   url =          {https://ls.st/LDM-141},
type = "{Data Management Controlled Document}",
number = "LDM-141",
  handle =       {LDM-141},
}

@TechReport{LDM-142,
  author =       {Jeff Kantor},
  title =        "{Network Sizing Model}",
  year =         2017,
  month =        jan,
institution = "{NSF-DOE Vera C. Rubin Observatory}",
   url =          {https://ls.st/LDM-142},
type = "{Data Management Controlled Document}",
number = "LDM-142",
  handle =       {LDM-142},
}

@TechReport{LDM-143,
  author =       {Mike Freemon and Steve Pietrowicz},
  title =        "{Site Specific Infrastructure Estimation Explanation}",
  year =         2013,
  month =        oct,
institution = "{NSF-DOE Vera C. Rubin Observatory}",
   url =          {https://ls.st/LDM-143},
type = "{Data Management Controlled Document}",
number = "LDM-143",
  handle =       {LDM-143},
}

@TechReport{LDM-144,
  author =       {Mike Freemon and Steve Pietrowicz and Jason Alt},
  title =        "{Site Specific Infrastructure Estimation Model}",
  year =         2016,
  month =        jan,
institution = "{NSF-DOE Vera C. Rubin Observatory}",
   url =          {https://ls.st/LDM-144},
type = "{Data Management Controlled Document}",
number = "LDM-144",
  handle =       {LDM-144},
}

@TechReport{LDM-146,
  author =       {Kian-Tat Lim and Robyn Allsman and Jeff Kantor},
  title =        {Data Management Middleware UML Use Case and Activity
                  Model},
  year =         2013,
  month =        oct,
institution = "{NSF-DOE Vera C. Rubin Observatory}",
   url =          {https://ls.st/LDM-146},
type = "{Data Management Controlled Document}",
number = "LDM-146",
  handle =       {LDM-146},
}


@TechReport{LDM-156,
  author =       {Jonathan Myers and Lynne Jones and Tim Axelrod},
  title =        "{Moving Object Pipeline System Design}",
  year =         2013,
  month =        oct,
institution = "{NSF-DOE Vera C. Rubin Observatory}",
   url =          {https://ls.st/LDM-156},
type = "{Data Management Controlled Document}",
number = "LDM-156",
  handle =       {LDM-156},
}

@TechReport{LDM-226,
  author =       {Richard A. Shaw and Mario Juri\'c and Andrew Becker and
                  K. Simon Krughoff and K-T Lim and Yusra Al Sayyad and
                  Jacek Becla and Robin Allsman and Tim Axelrod and
                  Steve Bickerton and James Bosch and Andrew Connolly and
                  Gregory E. Daues and Scott Daniel and
                  Gregory P. Dubois-Felsmann and Mike Freemon and Perry Gee and
                  William Glick and Steve Groom and Mike Jarvis and Jeff Kantor and
                  Dustin Lang and Ron Lambert and Robert Lupton and
                  Serge Monkewitz and Knut Olsen and Russell Owen and
                  Steve Pietrowicz and Raymond Plante and Paul Price and
                  Douglas Smith and Schuyler Van Dyk and Daniel Wang},
  title =        "{LSST Data Challenge Report: Summer 2012/early-Winter 2013}",
  year =         2013,
  month =        apr,
institution = "{NSF-DOE Vera C. Rubin Observatory}",
   url =          {https://ls.st/LDM-226},
type = "{Data Management Controlled Document}",
number = "LDM-226",
  handle =       {LDM-226},
}

@TechReport{LDM-227,
  author =       {Andrew Becker and Simon Krughoff and Andrew Connolly and
                  Russell Owen and Paul Price and Robert Lupton and Dustin Lang and
                  Jim Bosch and Robyn Allsman and Yusra Al Sayyad and Jacek Becla and
                  Steve Bickerton and Scott Daniel and Greg Daues and
                  Gregory Dubois-Felsmann and Mike Freemon and Perry Gee and
                  Bill Glick and Steve Groom and Mario Juri\'c and Jeff Kantor and
                  Ron Lambert and Kian-Tat Lim and Bruce Mather and Serge Monkewitz and
                  Knut Olsen and Steve Pietrowicz and Ray Plante and Dick Shaw and
                  Douglas Smith and Schuyler Van Dyk and Daniel Wang},
  title =        "{Report on Late Winter2013 Production: Image Differencing}",
  year =         2013,
  month =        apr,
institution = "{NSF-DOE Vera C. Rubin Observatory}",
   url =          {https://ls.st/LDM-227},
type = "{Data Management Controlled Document}",
number = "LDM-227",
  handle =       {LDM-227},
}

@TechReport{LDM-240,
  author =       {Jeff Kantor and Mario Juri\'c and Kian-Tat Lim},
  title =        "{Data Management Releases}",
  year =         2016,
  month =        feb,
institution = "{NSF-DOE Vera C. Rubin Observatory}",
   url =          {https://ls.st/LDM-240},
type = "{Data Management Controlled Document}",
number = "LDM-240",
  handle =       {LDM-240},
}

@TechReport{LDM-324,
  author =       {Jeff Kantor},
  title =        "{Data Management Information Security Plan}",
  year =         2016,
  month =        mar,
institution = "{NSF-DOE Vera C. Rubin Observatory}",
   url =          {https://ls.st/LDM-324},
type = "{Data Management Controlled Document}",
number = "LDM-324",
  handle =       {LDM-324},
}

@TechReport{LDM-463,
  author =       {Jacek Becla and Nate Pease},
  title =        "{Data Access Design}",
  year =         2017,
  month =        apr,
institution = "{NSF-DOE Vera C. Rubin Observatory}",
   url =          {https://ls.st/LDM-463},
type = "{Data Management Controlled Document}",
number = "LDM-463",
  handle =       {LDM-463},
}

@TechReport{LDM-482,
  author =       {David Ciardi and Gregory Dubois-Felsmann},
  title =        "{Data Access Policy for the Data Management Prototype DAC}",
  year =         2016,
  month =        aug,
institution = "{NSF-DOE Vera C. Rubin Observatory}",
   url =          {https://ls.st/LDM-482},
type = "{Data Management Controlled Document}",
number = "LDM-482",
  handle =       {LDM-482},
}

@TechReport{LDM-492,
  author =       {David R. Ciardi and Xiuqin Wu and Gregory
                  Dubois-Felsmann},
  title =        "{A Vision for the Science User Interface and Tools}",
  year =         2016,
  month =        sep,
institution = {Vera C. Rubin Observatory and IPAC},
   url =          {https://ls.st/LDM-492},
type = "{Data Management Controlled Document}",
number = "LDM-492",
  handle =       {LDM-492},
}

@TechReport{LDM-502,
  author =       {David Nidever and Frossie Economou},
  title =        "{The Measurement and Verification of DM Key Performance Metrics}",
  year =         2016,
  month =        may,
institution = "{NSF-DOE Vera C. Rubin Observatory}",
   url =          {https://ls.st/LDM-502},
type = "{Data Management Controlled Document}",
number = "LDM-502",
  handle =       {LDM-502},
}


@TechReport{LDM-512,
  author =       {Tim Jenness and William O'Mullane},
  title =        "{Data Management Risk Assessment Process}",
  year =         2017,
  month =        apr,
institution = "{NSF-DOE Vera C. Rubin Observatory}",
   url =          {https://ls.st/LDM-512},
type = "{Data Management Controlled Document}",
number = "LDM-512",
  handle =       {LDM-512},
}

@TechReport{LDM-513,
  author =       {Jim Bosch},
  title =        "{Proposal for Deblender Outputs as Level 2 Data Products}",
  year =         2017,
  month =        apr,
institution = "{NSF-DOE Vera C. Rubin Observatory}",
   url =          {https://ls.st/LDM-513},
type = "{Data Management Controlled Document}",
number = "LDM-513",
  handle =       {LDM-513},
}

@TechReport{LDM-522,
  author =       {Frossie Economou and Michael Wood-Vasey},
  title =        "{DM Science Quality Data Assurance System Conceptual Design}",
  year =         2017,
  month =        may,
institution = "{NSF-DOE Vera C. Rubin Observatory}",
   url =          {https://ls.st/LDM-522},
type = "{Data Management Controlled Document}",
number = "LDM-522",
  handle =       {LDM-522},
}

@TechReport{LDM-523,
  author =       {C. T. Slater and R. L. Jones and E. Bellm and M. Juri\'c},
  title =        "{Impact of a Heterogeneous Focal Plane on LSST Image Differencing}",
  year =         2017,
  month =        may,
institution = "{NSF-DOE Vera C. Rubin Observatory}",
   url =          {https://ls.st/LDM-523},
type = "{Data Management Controlled Document}",
number = "LDM-523",
  handle =       {LDM-523},
}

@TechReport{LDM-532,
  author =       {Unknown},
  title =        "{NCSA Enclave Test Specification}",
  year =         2017,
  month =        jun,
institution = "{NSF-DOE Vera C. Rubin Observatory}",
   url =          {https://ls.st/LDM-532},
type = "{Data Management Controlled Document}",
number = "LDM-532",
  handle =       {LDM-532},
}

@TechReport{LDM-535,
  author =       {Unknown},
  title =        "{Data Backbone Test Specification}",
  year =         2017,
  month =        jun,
institution = "{NSF-DOE Vera C. Rubin Observatory}",
   url =          {https://ls.st/LDM-535},
type = "{Data Management Controlled Document}",
number = "LDM-535",
  handle =       {LDM-535},
}

@TechReport{LDM-536,
  author =       {Unknown},
  title =        "{Data Backbone Data Services Test Specification}",
  year =         2017,
  month =        jun,
institution = "{NSF-DOE Vera C. Rubin Observatory}",
   url =          {https://ls.st/LDM-536},
type = "{Data Management Controlled Document}",
number = "LDM-536",
  handle =       {LDM-536},
}

@TechReport{LDM-537,
  author =       {Unknown},
  title =        "{Data Backbone Infrastructure Test Specification}",
  year =         2017,
  month =        jun,
institution = "{NSF-DOE Vera C. Rubin Observatory}",
   url =          {https://ls.st/LDM-537},
type = "{Data Management Controlled Document}",
number = "LDM-537",
  handle =       {LDM-537},
}


@TechReport{LDM-539,
  author =       {Unknown},
  title =        "{Data Access Center Enclave Test Specification}",
  year =         2017,
  month =        jun,
institution = "{NSF-DOE Vera C. Rubin Observatory}",
   url =          {https://ls.st/LDM-539},
type = "{Data Management Controlled Document}",
number = "LDM-539",
  handle =       {LDM-539},
}

@TechReport{LDM-541,
  author =       {Unknown},
  title =        "{Commissioning Cluster Enclave Test Specification}",
  year =         2017,
  month =        jun,
institution = "{NSF-DOE Vera C. Rubin Observatory}",
   url =          {https://ls.st/LDM-541},
type = "{Data Management Controlled Document}",
number = "LDM-541",
  handle =       {LDM-541},
}

@TechReport{LDM-553,
  author =       {William O'Mullane and John D. Swinbank and Mario Juri\'c and {DMLT}},
  title =        "{Evolution of the Data Management Plan and Organization}",
  year =         2017,
  month =        jun,
institution = "{NSF-DOE Vera C. Rubin Observatory}",
   url =          {https://ls.st/LDM-553},
type = "{Data Management Controlled Document}",
number = "LDM-553",
  handle =       {LDM-553},
}

@TechReport{LDM-563,
  author =       {William O'Mullane and Tim Jenness},
  title =        "{Butler Working Group Charge}",
  year =         2017,
  month =        aug,
institution = "{NSF-DOE Vera C. Rubin Observatory}",
   url =          {https://ls.st/LDM-563},
type = "{Data Management Controlled Document}",
number = "LDM-563",
  handle =       {LDM-563},
}

@TechReport{LDM-582,
  author =       {Mario Juric and Robert Gruendl},
  title =        "{Lossy Compression Working Group Charge}",
  year =         2017,
  month =        oct,
institution = "{NSF-DOE Vera C. Rubin Observatory}",
   url =          {https://ls.st/LDM-582},
type = "{Data Management Controlled Document}",
number = "LDM-582",
  handle =       {LDM-582},
}

@TechReport{LPM-17,
  author =       {{\v Z}. {Ivezi{\'c}} and {The LSST Science
                  Collaboration}},
  title =        "{LSST Science Requirements Document}",
  year =         2018,
  month =        jan,
institution = "{NSF-DOE Vera C. Rubin Observatory}",
   url =          {https://ls.st/LPM-17},
type = "{Project Controlled Document}",
number = "LPM-17",
  handle =       {LPM-17},
}

@TechReport{LPM-18,
  author =       {Chuck Gessner and Victor Krabbendam },
  title =        "{Safety Policy}",
  year =         2014,
  month =        nov,
institution = "{NSF-DOE Vera C. Rubin Observatory}",
   url =          {https://ls.st/LPM-18},
type = "{Project Controlled Document}",
number = "LPM-18",
  handle =       {LPM-18},
}

@TechReport{LPM-19,
  author =       {George Angeli and Robert McKercher},
  title =        "{Change Control Process}",
  year =         2015,
  month =        dec,
institution = "{NSF-DOE Vera C. Rubin Observatory}",
   url =          {https://ls.st/LPM-19},
type = "{Project Controlled Document}",
number = "LPM-19",
  handle =       {LPM-19},
}

@TechReport{LPM-20,
  author =       {Victor Krabbendam and Brian Selvy},
  title =        "{Risk \& Opportunity Management Plan}",
  year =         2015,
  month =        aug,
institution = "{NSF-DOE Vera C. Rubin Observatory}",
   url =          {https://ls.st/LPM-20},
type = "{Project Controlled Document}",
number = "LPM-20",
  handle =       {LPM-20},
}

@TechReport{LPM-43,
  author =       {Robert McKercher},
  title =        "{WBS Structure}",
  year =         2016,
  month =        jul,
institution = "{NSF-DOE Vera C. Rubin Observatory}",
   url =          {https://ls.st/LPM-43},
type = "{Project Controlled Document}",
number = "LPM-43",
  handle =       {LPM-43},
}

@TechReport{LPM-44,
  author =       {Robert McKercher},
  title =        "{WBS Dictionary}",
  year =         2016,
  month =        jul,
institution = "{NSF-DOE Vera C. Rubin Observatory}",
   url =          {https://ls.st/LPM-44},
type = "{Project Controlled Document}",
number = "LPM-44",
  handle =       {LPM-44},
}

@TechReport{LPM-51,
  author =       {Robert McKercher},
  title =        "{Document Management Plan}",
  year =         2013,
  month =        aug,
institution = "{NSF-DOE Vera C. Rubin Observatory}",
   url =          {https://ls.st/LPM-51},
type = "{Project Controlled Document}",
number = "LPM-51",
  handle =       {LPM-51},
}

@TechReport{LPM-55,
  author =       {Donald Sweeney and Robert McKercher},
  title =        "{Project Quality Assurance Plan}",
  year =         2013,
  month =        aug,
institution = "{NSF-DOE Vera C. Rubin Observatory}",
   url =          {https://ls.st/LPM-55},
type = "{Project Controlled Document}",
number = "LPM-55",
  handle =       {LPM-55},
}

@TechReport{LPM-72,
  author =       {Victor Krabbendam},
  title =        "{Scope Options}",
  year =         2015,
  month =        oct,
institution = "{NSF-DOE Vera C. Rubin Observatory}",
   url =          {https://ls.st/LPM-72},
type = "{Project Controlled Document}",
number = "LPM-72",
  handle =       {LPM-72},
}

@TechReport{LPM-73,
  author =       {Sidney Wolff},
  title =        "{Operations Plan}",
  year =         2013,
  month =        oct,
institution = "{NSF-DOE Vera C. Rubin Observatory}",
   url =          {https://ls.st/LPM-73},
type = "{Project Controlled Document}",
number = "LPM-73",
  handle =       {LPM-73},
}

@TechReport{LPM-81,
  author =       {Jeff Kantor and Victor Krabbendam},
  title =        "{Cost Estimating Plan}",
  year =         2015,
  month =        aug,
institution = "{NSF-DOE Vera C. Rubin Observatory}",
   url =          {https://ls.st/LPM-81},
type = "{Project Controlled Document}",
number = "LPM-81",
  handle =       {LPM-81},
}

@TechReport{LPM-98,
  author =       {Kevin E. Long},
  title =        "{LSST Project Controls System Description}",
  year =         2016,
  month =        dec,
institution = "{NSF-DOE Vera C. Rubin Observatory}",
   url =          {https://ls.st/LPM-98},
type = "{Project Controlled Document}",
number = "LPM-98",
  handle =       {LPM-98},
}

@TechReport{LPM-101,
  author =       {Iain Goodenow and Robert McKercher},
  title =        "{Tucson Site Disaster Recovery Plan}",
  year =         2013,
  month =        sep,
institution = "{NSF-DOE Vera C. Rubin Observatory}",
   url =          {https://ls.st/LPM-101},
type = "{Project Controlled Document}",
number = "LPM-101",
  handle =       {LPM-101},
}

@TechReport{LPM-121,
  author =       {Donald L. Petravick and Alexander Withers},
  title =        "{LSST Master Information Security Policy}",
  year =         2016,
  month =        sep,
institution = "{NSF-DOE Vera C. Rubin Observatory}",
   url =          {https://ls.st/LPM-121},
type = "{Project Controlled Document}",
number = "LPM-121",
  handle =       {LPM-121},
}

@TechReport{LPM-122,
  author =       {Donald Petravick},
  title =        "{LSST Information Classification Policy}",
  year =         2015,
  month =        aug,
institution = "{NSF-DOE Vera C. Rubin Observatory}",
   url =          {https://ls.st/LPM-122},
type = "{Project Controlled Document}",
number = "LPM-122",
  handle =       {LPM-122},
}

@TechReport{LPM-123,
  author =       {Donald Petravick},
  title =        "{ LSST General Acceptable Use Policy  }",
  year =         2017,
  month =        oct,
institution = "{NSF-DOE Vera C. Rubin Observatory}",
   url =          {https://ls.st/LPM-123},
type = "{Project Controlled Document}",
number = "LPM-123",
  handle =       {LPM-123},
}

@TechReport{LPM-125,
  author =       { Victor Krabendam and Iain Goodenow},
  title =        "{Project Management Office Information Security Plan}",
  year =         2016,
  month =        sep,
institution = "{NSF-DOE Vera C. Rubin Observatory}",
   url =          {https://ls.st/LPM-125},
type = "{Project Controlled Document}",
number = "LPM-125",
  handle =       {LPM-125},
}

@TechReport{LPM-162,
  author =       {{Project Science Team}},
  title =        "{Project Publication Policy}",
  year =         2015,
  month =        aug,
institution = "{NSF-DOE Vera C. Rubin Observatory}",
   url =          {https://ls.st/LPM-162},
type = "{Project Controlled Document}",
number = "LPM-162",
  handle =       {LPM-162},
}

@TechReport{LPM-191,
  author =       {Daniel Calabrese},
  title =        "{Travel Policy}",
  year =         2017,
  month =        may,
institution = "{NSF-DOE Vera C. Rubin Observatory}",
   url =          {https://ls.st/LPM-191},
type = "{Project Controlled Document}",
number = "LPM-191",
  handle =       {LPM-191},
}

@TechReport{LPM-221,
  author =       {William O'Mullane and Beth Willman},
  title =        "{Charge for LSST Data Access Policy Working Group}",
  year =         2017,
  month =        nov,
institution = "{NSF-DOE Vera C. Rubin Observatory}",
   url =          {https://ls.st/LPM-221},
type = "{Project Controlled Document}",
number = "LPM-221",
  handle =       {LPM-221},
}

@TechReport{LSE-16,
  author =       {Robyn Allsman and Gregory Dubois-Felsmann and Jeff Kantor},
  title =        "{LSST Software Development Plan}",
  year =         2009,
  month =        may,
institution = "{NSF-DOE Vera C. Rubin Observatory}",
   url =          {https://ls.st/LSE-16},
type = "{Systems Engineering Controlled Document}",
number = "LSE-16",
  handle =       {LSE-16},
}

@TechReport{LSE-17,
  author =       {Charles Claver and George Angeli and Brian Selvy},
  title =        "{Systems Engineering Management Plan}",
  year =         2016,
  month =        jan,
institution = "{NSF-DOE Vera C. Rubin Observatory}",
   url =          {https://ls.st/LSE-17},
type = "{Systems Engineering Controlled Document}",
number = "LSE-17",
  handle =       {LSE-17},
}

@TechReport{LSE-29,
  author =       {Charles F. Claver and {The LSST Systems Engineering
                  Integrated Project Team}},
  title =        "{LSST System Requirements (LSR)}",
  year =         2017,
  month =        sep,
institution = "{NSF-DOE Vera C. Rubin Observatory}",
   url =          {https://ls.st/LSE-29},
type = "{Systems Engineering Controlled Document}",
number = "LSE-29",
  handle =       {LSE-29},
}

@TechReport{LSE-30,
  author =       {Charles F. Claver and {The LSST Systems Engineering
                  Integrated Project Team}},
  title =        "{Observatory System Specifications (OSS)}",
  year =         2018,
  month =        jan,
institution = "{NSF-DOE Vera C. Rubin Observatory}",
   url =          {https://ls.st/LSE-30},
type = "{Systems Engineering Controlled Document}",
number = "LSE-30",
  handle =       {LSE-30},
}

@TechReport{LSE-39,
  author =       {Chuck Claver and Gregory Dubois-Felsmann},
  title =        "{LSST Document Tree}",
  year =         2010,
  month =        mar,
institution = "{NSF-DOE Vera C. Rubin Observatory}",
   url =          {https://ls.st/LSE-39},
type = "{Systems Engineering Controlled Document}",
number = "LSE-39",
  handle =       {LSE-39},
}

@TechReport{LSE-60,
  author =       {Jacques Sebag and Victor Krabbendam},
  title =        "{LSST Telescope and Site (TS) Requirements}",
  year =         2018,
  month =        may,
institution = "{NSF-DOE Vera C. Rubin Observatory}",
   url =          {https://ls.st/LSE-60},
type = "{Systems Engineering Controlled Document}",
number = "LSE-60",
  handle =       {LSE-60},
}

@TechReport{LSE-62,
  author =       {German Schumacher and Francisco Delgado},
  title =        "{LSST Observatory Control System Requirements}",
  year =         2019,
  month =        oct,
institution = "{NSF-DOE Vera C. Rubin Observatory}",
   url =          {https://ls.st/LSE-62},
type = "{Systems Engineering Controlled Document}",
number = "LSE-62",
  handle =       {LSE-62},
}

@TechReport{LSE-68,
  author =       {Gregory Dubois-Felsmann},
  title =        "{Camera Data Acquisition Interface}",
  year =         2015,
  month =        jun,
institution = "{NSF-DOE Vera C. Rubin Observatory}",
   url =          {https://ls.st/LSE-68},
type = "{Systems Engineering Controlled Document}",
number = "LSE-68",
  handle =       {LSE-68},
}

@TechReport{LSE-69,
  author =       {Gregory Dubois-Felsmann},
  title =        "{Interface between the Camera and Data Management}",
  year =         2014,
  month =        oct,
institution = "{NSF-DOE Vera C. Rubin Observatory}",
   url =          {https://ls.st/LSE-69},
type = "{Systems Engineering Controlled Document}",
number = "LSE-69",
  handle =       {LSE-69},
}

@TechReport{LSE-70,
	author =	     {Paul Lotz},
	title =		     {System Communication Protocol Interface},
	year =		     2016,
	month =		     sep,
institution = "{NSF-DOE Vera C. Rubin Observatory}",
   url =	        {https://ls.st/LSE-70},
type = "{Systems Engineering Controlled Document}",
number = "LSE-70",
	handle =	     {LSE-70},
}

@TechReport{LSE-72,
  author =       {Gregory Dubois-Felsmann and German Schumacher and
                  Brian Selvy},
  title =        "{OCS Command Dictionary for Data Management}",
  year =         2014,
  month =        oct,
institution = "{NSF-DOE Vera C. Rubin Observatory}",
   url =          {https://ls.st/LSE-72},
type = "{Systems Engineering Controlled Document}",
number = "LSE-72",
  handle =       {LSE-72},
}

@TechReport{LSE-75,
  author =       {Gregory Dubois-Felsmann},
  title =        "{Control System Interfaces between the Telescope and Data Management}",
  year =         2011,
  month =        aug,
institution = "{NSF-DOE Vera C. Rubin Observatory}",
   url =          {https://ls.st/LSE-75},
type = "{Systems Engineering Controlled Document}",
number = "LSE-75",
  handle =       {LSE-75},
}

@TechReport{LSE-76,
  author =       {Gregory Dubois-Felsmann},
  title =        "{Infrastructure Interfaces between Summit Facility and Data Management}",
  year =         2011,
  month =        aug,
institution = "{NSF-DOE Vera C. Rubin Observatory}",
   url =          {https://ls.st/LSE-76},
type = "{Systems Engineering Controlled Document}",
number = "LSE-76",
  handle =       {LSE-76},
}

@TechReport{LSE-77,
  author =       {Gregory Dubois-Felsmann},
  title =        "{Infrastructure Interfaces between Base Facility and Data Management}",
  year =         2013,
  month =        oct,
institution = "{NSF-DOE Vera C. Rubin Observatory}",
   url =          {https://ls.st/LSE-77},
type = "{Systems Engineering Controlled Document}",
number = "LSE-77",
  handle =       {LSE-77},
}

@TechReport{LSE-78,
	author =       {Ron Lambert and Jeff Kantor and Mike Huffer and Chip Cox
                  and Paul Wefel and Matt Kollross and Sandra Jaque},
	title =        "{ LSST Observatory Network Design}",
	year =         2017,
	month =        apr,
institution = "{NSF-DOE Vera C. Rubin Observatory}",
   url =          {https://ls.st/LSE-78},
type = "{Systems Engineering Controlled Document}",
number = "LSE-78",
	handle =       {LSE-78},
}

@TechReport{LSE-79,
  author =       {Chuck Claver and {The LSST Commissioning Planning Team}},
  title =        "{System AI\&T and Commissioning Plan}",
  year =         2017,
  month =        jan,
institution = "{NSF-DOE Vera C. Rubin Observatory}",
   url =          {https://ls.st/LSE-79},
type = "{Systems Engineering Controlled Document}",
number = "LSE-79",
  handle =       {LSE-79},
}

@TechReport{LEP-031,
  author =       {The LSST EPO Team},
  title =        "{LSST EPO Design}",
  year =         2018,
  month =        jul,
institution = "{NSF-DOE Vera C. Rubin Observatory}",
   url =          {https://ls.st/LEP-031},
type = "{Education and Public Outreach Controlled Document}",
number = "LEP-031",
  handle =       {LEP-031},
}


@TechReport{LSE-81,
  author =       {Gregory Dubois-Felsmann},
  title =        "{LSST Science and Project Sizing Inputs}",
  year =         2013,
  month =        oct,
institution = "{NSF-DOE Vera C. Rubin Observatory}",
   url =          {https://ls.st/LSE-81},
type = "{Systems Engineering Controlled Document}",
number = "LSE-81",
  handle =       {LSE-81},
}

@TechReport{LSE-82,
  author =       {Gregory Dubois-Felsmann and Kian-Tat Lim},
  title =        "{Science and Project Sizing Inputs Explanation}",
  year =         2013,
  month =        oct,
institution = "{NSF-DOE Vera C. Rubin Observatory}",
   url =          {https://ls.st/LSE-82},
type = "{Systems Engineering Controlled Document}",
number = "LSE-82",
  handle =       {LSE-82},
}

@TechReport{LSE-89,
  author =       {Ben Emmons and Amanda Bauer},
  title =        "{Education and Public Outreach Requirements}",
  year =         2018,
  month =        jan,
institution = "{NSF-DOE Vera C. Rubin Observatory}",
   url =          {https://ls.st/LSE-89},
type = "{Systems Engineering Controlled Document}",
number = "LSE-89",
  handle =       {LSE-89}
}


@TechReport{LSE-130,
  author =       {Gregory Dubois-Felsmann},
  title =        "{Support-Data Exchanges between Data Management and Camera}",
  year =         2015,
  month =        jun,
institution = "{NSF-DOE Vera C. Rubin Observatory}",
   url =          {https://ls.st/LSE-130},
type = "{Systems Engineering Controlled Document}",
number = "LSE-130",
  handle =       {LSE-130},
}

@TechReport{LSE-131,
  author =       {Suzanne Jacoby and Ben Emmons and Brian Selvy},
  title =        {Interface between Data Management and Education and
                  Public Outreach},
  year =         2017,
  month =        jul,
institution = "{NSF-DOE Vera C. Rubin Observatory}",
   url =          {https://ls.st/LSE-131},
type = "{Systems Engineering Controlled Document}",
number = "LSE-131",
  handle =       {LSE-131},
}

@TechReport{LSE-140,
  author =       {Gregory Dubois-Felsmann},
  title =        "{Auxiliary Instrumentation Interface between Data Management and Telescope}",
  year =         2016,
  month =        jul,
institution = "{NSF-DOE Vera C. Rubin Observatory}",
   url =          {https://ls.st/LSE-140},
type = "{Systems Engineering Controlled Document}",
number = "LSE-140",
  handle =       {LSE-140},
}

@TechReport{LSE-159,
  author =       {George Angeli},
  title =        "{Reviews Definitions, Guidelines, and Procedures}",
  year =         2013,
  month =        sep,
institution = "{NSF-DOE Vera C. Rubin Observatory}",
   url =          {https://ls.st/LSE-159},
type = "{Systems Engineering Controlled Document}",
number = "LSE-159",
  handle =       {LSE-159},
}

@TechReport{LSE-160,
  author =       {Brian Selvy},
  title =        "{Verification and Validation Process}",
  year =         2013,
  month =        sep,
institution = "{NSF-DOE Vera C. Rubin Observatory}",
   url =          {https://ls.st/LSE-160},
type = "{Systems Engineering Controlled Document}",
number = "LSE-160",
  handle =       {LSE-160},
}

@TechReport{LSE-180,
  author =       {Lynne Jones},
  title =        "{Level 2 Photometric Calibration for the LSST Survey}",
  year =         2013,
  month =        nov,
institution = "{NSF-DOE Vera C. Rubin Observatory}",
   url =          {https://ls.st/LSE-180},
type = "{Systems Engineering Controlled Document}",
number = "LSE-180",
  handle =       {LSE-180},
}

@TechReport{LSE-209,
  author =       {Paul Lotz},
  title =        {Software Component to OCS Interface},
  year =         2016,
  month =        oct,
institution = "{NSF-DOE Vera C. Rubin Observatory}",
   url =          {https://ls.st/LSE-209},
type = "{Systems Engineering Controlled Document}",
number = "LSE-209",
  handle =       {LSE-209},
}

@TechReport{LSE-239,
  author =       {Donald Petravick and Josh Hoblitt and Kian-Tat Lim and Ron Lambert and Gregory Dubois-Felsmann and Tom Durbin and Jeff Barr},
  title =        "{Base Facility Data Center Design Requirements}",
  year =         2016,
  month =        aug,
institution = "{NSF-DOE Vera C. Rubin Observatory}",
   url =          {https://ls.st/LSE-239},
type = "{Systems Engineering Controlled Document}",
number = "LSE-239",
  handle =       {LSE-239},
}

@TechReport{LSE-279,
  author =       {Alex Withers},
  title =        "{Concept of Operations for Unified LSST Authentication and Authorization Services}",
  year =         2017,
  month =        jan,
institution = "{NSF-DOE Vera C. Rubin Observatory}",
   url =          {https://ls.st/LSE-279},
type = "{Systems Engineering Controlled Document}",
number = "LSE-279",
  handle =       {LSE-279},
}

@TechReport{LSE-309,
  author =       {Jeff Kantor},
  title =        "{Summit to Base Information Technology and Communication (ITC) Design}",
  year =         2017,
  month =        nov,
institution = "{NSF-DOE Vera C. Rubin Observatory}",
   url =          {https://ls.st/LSE-309},
type = "{Systems Engineering Controlled Document}",
number = "LSE-309",
  handle =       {LSE-309},
}

@TechReport{LPM-261,
  author =       {Beth Willman and Melissa Graham and William O'Mullane and Donald Petravick},
  title =        "{Access Policy for LSST Data and Data Access Center}",
  year =         2018,
  month =        mar,
institution = "{NSF-DOE Vera C. Rubin Observatory}",
   url =          {https://ls.st/LPM-261},
note =          {Superseded by RDO-13},
  type = "{Project Controlled Document}",
  number = "LPM-261",
  handle =       {LPM-261},
}

@TechReport{LSE-379,
  author =       {Patrick Ingraham},
  title =        "{Auxiliary Telescope Concept of Operations}",
  year =         2018,
  month =        may,
institution = "{NSF-DOE Vera C. Rubin Observatory}",
   url =          {https://ls.st/LSE-379},
type = "{Systems Engineering Controlled Document}",
number = "LSE-379",
  handle =       {LSE-379},
}

@TechReport{LSE-390,
  author =       {Kevin Reil and  Chuck Claver and  Vincent Riot and Victor Krabbendam},
  title =        "{Commissioning Execution Plan}",
  year =         2020,
  month =        mar,
institution = "{NSF-DOE Vera C. Rubin Observatory}",
   url =          {https://ls.st/LSE-390},
type = "{Systems Engineering Controlled Document}",
number = "LSE-390",
  handle =       {LSE-390},
}

@TechReport{LSE-400,
  author = {K-T Lim},
  title = "{Header Service Interface}",
  year = 2019,
type = "{Systems Engineering Controlled Document}",
number = "LSE-400",
  handle = {LSE-400},
institution = "{NSF-DOE Vera C. Rubin Observatory}",
   url = {https://lse-400.lsst.io},
}

@TechReport{LSE-479,
  author =       {{Network Engineering Team (NET)}},
  title =        "{Network Technical Document}",
  year =         2020,
  month =        aug,
institution = "{NSF-DOE Vera C. Rubin Observatory}",
   url =          {https://ls.st/LSE-479},
type = "{Systems Engineering Controlled Document}",
number = "LSE-479",
  handle =       {LSE-479},
}

@TechReport{LDO-13,
  author =      {R. Blum and others},
  title =       "{LSST Data Policy}",
  year =        2019,
  month =       nov,
institution = "{NSF-DOE Vera C. Rubin Observatory}",
   url =         {https://ls.st/LDO-13},
type = "{Data Management Operations Controlled Document}",
number = "LDO-13",
note = "Superseded by RDO-13",
  handle =      {LDO-13},
}

@TechReport{LDO-31,
  author =      {R. Blum and others},
  title =       "{OBSOLETE NOW RDO-018 -- LSST Operations Proposal}",
  year =        2020,
  month =       mar,
institution = "{NSF-DOE Vera C. Rubin Observatory}",
   url =         {https://ls.st/LDO-31},
  type = "{Data Management Operations Controlled Document}",
  number = "LDO-31",
note =         {Superseded by RDO-018},
  handle =      {LDO-31},
}

@TechReport{RDO-011,
  author = {Phil Marshall },
  title = "{Release Scenarios for LSST Data}",
  year = 2020,
institution = "{NSF-DOE Vera C. Rubin Observatory}",
   url =    {https://ls.st/RDO-011},
type = "{Data Management Operations Controlled Document}",
number = "RDO-011",
  handle = {RDO-011},
}

@TechReport{RDO-018,
  author = {Robert Blum},
  title = "{PLAN for the OPERATIONS of the VERA C. RUBIN OBSERVATORY}",
  year = 2021,
  month = nov,
type = "{Data Management Operations Controlled Document}",
number = "RDO-018",
  handle = {RDO-018},
institution = "{NSF-DOE Vera C. Rubin Observatory}",
   url = {https://docushare.lsstcorp.org/docushare/dsweb/Get/RDO-18},
}

@TechReport{LTS-88,
  author = {J. Sebag},
  title =  "{M1M3 Mirror Support Design Requirements Document}",
  year =   2022,
  month =  jan,
institution = "{NSF-DOE Vera C. Rubin Observatory}",
   url =    {https://ls.st/LTS-88},
type = "{Telescope & Site Controlled Document}",
number = "LTS-88",
  handle = {LTS-88},
}

@TechReport{LTS-146,
  author = { W. Gressler and D. Neill and J. Sebag},
  title =  "{M2 Cell Assembly Specifications Document}",
  year =   2018,
  month =  nov,
institution = "{NSF-DOE Vera C. Rubin Observatory}",
   url =    {https://ls.st/LTS-146},
type = "{Telescope & Site Controlled Document}",
number = "LTS-146",
  handle = {LTS-146},
}

@TechReport{LTS-160,
  author = { G. Schumacher },
  title =  "{TCS to Hexapods and Rotator Interface Control Document}",
  year =   2022,
  month =  jul,
institution = "{NSF-DOE Vera C. Rubin Observatory}",
   url =    {https://ls.st/LTS-160},
type = "{Telescope & Site Controlled Document}",
number = "LTS-160",
  handle = {LTS-160},
}

@TechReport{LTS-161,
  author = { G. Schumacher },
  title =  "{TCS to M1M3 Assembly Interface Control Document}",
  year =   2022,
  month =  jul,
institution = "{NSF-DOE Vera C. Rubin Observatory}",
   url =    {https://ls.st/LTS-161},
type = "{Telescope & Site Controlled Document}",
number = "LTS-161",
  handle = {LTS-161},
}

@TechReport{LTS-162,
  author = { G. Schumacher },
  title =  "{ TCS to M2 Assembly Interface Control Document }",
  year =   2022,
  month =  apr,
institution = "{NSF-DOE Vera C. Rubin Observatory}",
   url =    {https://ls.st/LTS-162},
type = "{Telescope & Site Controlled Document}",
number = "LTS-162",
  handle = {LTS-162},
}

@TechReport{LTS-206,
  author =       {D. Neill and J. Sebag and W. Gressler},
  title =        "{Hexapods and Rotator Specifications Document}",
  year =         2017,
institution = "{NSF-DOE Vera C. Rubin Observatory}",
   url =          {https://ls.st/LTS-206},
type = "{Telescope & Site Controlled Document}",
number = "LTS-206",
  handle =       {LTS-206},
}

@TechReport{LTS-210,
  author =       {D. Mills},
  title =        "{Engineering and Facility Database Design Document}",
  year =         2015,
institution = "{NSF-DOE Vera C. Rubin Observatory}",
   url =          {https://ls.st/LTS-210},
type = "{Telescope & Site Controlled Document}",
number = "LTS-210",
  handle =       {LTS-210},
}

@TechReport{LTS-487,
  author =       {P. Ingraham},
  title =        "{Auxiliary Telescope Spectrograph Statement of Work (SOW)}",
  year =         2017,
institution = "{NSF-DOE Vera C. Rubin Observatory}",
   url =          {https://ls.st/LTS-487},
type = "{Telescope & Site Controlled Document}",
number = "LTS-487",
  handle =       {LTS-487},
}

@TechReport{LTS-488,
  author =       {P. Ingraham},
  title =        "{Auxiliary Telescope Spectrograph Specifications Document}",
  year =         2017,
institution = "{NSF-DOE Vera C. Rubin Observatory}",
   url =          {https://ls.st/LTS-488},
type = "{Telescope & Site Controlled Document}",
number = "LTS-488",
  handle =       {LTS-488},
}

@TechReport{LTS-807,
  author =       {A. Serio},
  title =        "{LSST Operations Viszualization Enviroment (LOVE) Requirements }",
  year =         2018,
institution = "{NSF-DOE Vera C. Rubin Observatory}",
   url =          {https://ls.st/LTS-807},
type = "{Telescope & Site Controlled Document}",
number = "LTS-807",
  handle =       {LTS-807},
}

@TechReport{Publication-141,
  author =       {Dhital, S. and others},
  title =        {{Science White Paper for LSST Deep-Drilling Field Observations Mapping the Milky Way's Ultracool Dwarfs, Subdwarfs, and White Dwarfs}},
  year =         2011,
institution = "{NSF-DOE Vera C. Rubin Observatory}",
   url =    {https://ls.st/Publication-141},
type = "{LSST Construction Publication}",
number = "Publication-141",
  handle = {Publication-141},
}

@TechReport{Publication-142,
  author =       {Ferguson, H.~C.},
  title =        {{Science White Paper for LSST Deep-Drilling Field Observations: LSST Deep Drilling for Galaxies}},
  year =         2011,
institution = "{NSF-DOE Vera C. Rubin Observatory}",
   url =    {https://ls.st/Publication-142},
type = "{LSST Construction Publication}",
number = "Publication-142",
  handle = {Publication-142},
}

@TechReport{Publication-143,
  author =       {Gawiser, E. and others},
  title =        {{Science White Paper for LSST Deep-Drilling Field Observations: Ultra-deep $ugrizy$ Imaging to Reduce Main Survey Photo-z Systematics and to Probe Faint Galaxy Clustering, AGN, and Strong Lenses}},
  year =         2011,
institution = "{NSF-DOE Vera C. Rubin Observatory}",
   url =    {https://ls.st/Publication-143},
type = "{LSST Construction Publication}",
number = "Publication-143",
  handle = {Publication-143},
}

@TechReport{Publication-144,
  author =       {Kessler, R. and others},
  title =        {{Science White Paper for LSST Deep-Drilling Field Observations: Supernova Light Curves}},
  year =         2011,
institution = "{NSF-DOE Vera C. Rubin Observatory}",
   url =    {https://ls.st/Publication-144},
type = "{LSST Construction Publication}",
number = "Publication-144",
  handle = {Publication-144},
}

@TechReport{Publication-145,
  author =       {Szkody, P. and others},
  title =        {{Science White Paper for LSST Deep-Drilling Field Observations
High Cadence Observations of the Magellanic Clouds and Select Galactic Cluster Fields}},
  year =         2011,
institution = "{NSF-DOE Vera C. Rubin Observatory}",
   url =    {https://ls.st/Publication-145},
type = "{LSST Construction Publication}",
number = "Publication-145",
  handle = {Publication-145},
}

@TechReport{Report-142,
  author =       {Tim Jenness and John Swinbank and Simon Krughoff and
                  Gregory Dubois-Felsmann and David Ciardi},
  title =        "{Hot-Wiring the Transient Universe IV}",
  year =         2015,
  month =        jun,
institution = "{NSF-DOE Vera C. Rubin Observatory}",
   url =          {https://ls.st/Report-142},
  handle =       {Report-142},
  number = "Report-142",
  type = "{Construction Report}",
  note =         {Report on the Hot-Wiring the Transient Universe IV
                  conference held in Santa Barbara in May 2015.},
}

@TechReport{Report-241,
  author =       {{LSST Project Science Team}},
  title =        "{Camera Mixed Focal Plane Option}",
  year =         2015,
  month =        nov,
institution = "{NSF-DOE Vera C. Rubin Observatory}",
   url =          {https://ls.st/Report-241},
type = "{Construction Report}",
number = "Report-241",
  handle =       {Report-241},
}

@TechReport{Report-561,
  author =       {{Review Committee}},
  title =        "{Telescope \& Site (T\&S) Software Review Report}",
  year =         2018,
  month =        mar,
institution = "{NSF-DOE Vera C. Rubin Observatory}",
   url =          {https://ls.st/Report-561},
type = "{Construction Report}",
number = "Report-561",
  handle =       {Report-561},
}

@TechReport{DMTR-11,
  author = {Frossie Economou and John Swinbank and Jim Bosch
            and Simon Krughoff},
   title = "{Characterization Metric Report: Science Pipelines Version 11.0 (Summer 2015)}",
    year = 2015,
   month = oct,
institution = "{NSF-DOE Vera C. Rubin Observatory}",
   url =    {https://ls.st/DMTR-11},
type = "{Data Management Test Report}",
number = "DMTR-11",
  handle = {DMTR-11},
}

@TechReport{DMTR-12,
  author = {Jacek Becla},
   title = "{Qserv 300 node test}",
    year = 2013,
institution = "{NSF-DOE Vera C. Rubin Observatory}",
   url =    {https://ls.st/DMTR-12},
type = "{Data Management Test Report}",
number = "DMTR-12",
  handle = {DMTR-12},
}

@TechReport{DMTR-13,
  author = {Jacek Becla},
   title = "{Qserv Summer 15 Large Scale Tests}",
    year = 2015,
   month = aug,
institution = "{NSF-DOE Vera C. Rubin Observatory}",
   url =    {https://ls.st/DMTR-13},
type = "{Data Management Test Report}",
number = "DMTR-13",
  handle = {DMTR-13},
}

@TechReport{DMTR-14,
  author = {John Swinbank and Jim Bosch
            and Simon Krughoff},
   title = "{Characterization Metric Report: Science Pipelines Version 12.0}",
    year = 2016,
   month = mar,
institution = "{NSF-DOE Vera C. Rubin Observatory}",
   url =    {https://ls.st/DMTR-14},
type = "{Data Management Test Report}",
number = "DMTR-14",
  handle = {DMTR-14},
}

@TechReport{DMTR-15,
  author = {Michael Wood-Vasey and John Swinbank},
   title = "{Characterization Metric Report: Science Pipelines Version 13.0}",
    year = 2017,
   month = mar,
institution = "{NSF-DOE Vera C. Rubin Observatory}",
   url =    {https://ls.st/DMTR-15},
type = "{Data Management Test Report}",
number = "DMTR-15",
  handle = {DMTR-15},
}

@TechReport{DMTR-16,
  author = {Vaikunth~Thukral},
   title = "{Qserv Fall 16 Large Scale Tests/KPMs}",
    year = 2017,
   month = may,
institution = "{NSF-DOE Vera C. Rubin Observatory}",
   url =    {https://ls.st/DMTR-16},
type = "{Data Management Test Report}",
number = "DMTR-16",
  handle = {DMTR-16},
}

@TechReport{DMTR-17,
  author = {Vaikunth~Thukral},
   title = "{Qserv Fall 17 Large Scale Tests/KPMs}",
    year = 2018,
   month = jun,
institution = "{NSF-DOE Vera C. Rubin Observatory}",
   url =    {https://ls.st/DMTR-17},
type = "{Data Management Test Report}",
number = "DMTR-17",
  handle = {DMTR-17},
}
@TechReport{DMTR-21,
  author = {Jacek Becla and K-T Lim and Daniel Wang},
   title = "{Early (pre-2013) Large-Scale Qserv Tests}",
    year = 2013,
   month = aug,
institution = "{NSF-DOE Vera C. Rubin Observatory}",
   url =    {https://ls.st/DMTR-21},
type = "{Data Management Test Report}",
number = "DMTR-21",
  handle = {DMTR-21},
}

@TechReport{DMTR-22,
  author = {K. Suberlak and {\v Z}. Ivezi\'c and {The PDAC Team}},
   title = "{Prototype Data Access Center: User Report}",
    year = 2017,
   month = jul,
institution = "{NSF-DOE Vera C. Rubin Observatory}",
   url =    {https://ls.st/DMTR-22},
type = "{Data Management Test Report}",
number = "DMTR-22",
  handle = {DMTR-22},
}

@TechReport{DMTR-31,
  author = {H.-F. Chiang and G. Daues and S. Thrush and {The NCSA Team}},
   title = "{S17B HSC PDR1 Reprocessing Report}",
    year = 2017,
   month = aug,
institution = "{NSF-DOE Vera C. Rubin Observatory}",
   url =    {https://ls.st/DMTR-31},
type = "{Data Management Test Report}",
number = "DMTR-31",
  handle = {DMTR-31},
}

@TechReport{DMTR-41,
  author = {S. Krughoff and  J. Wood-Vasey},
   title = "{Characterization Metric Report: Science Pipelines Version 14.0}",
    year = 2017,
   month = oct,
institution = "{NSF-DOE Vera C. Rubin Observatory}",
   url =    {https://ls.st/DMTR-41},
type = "{Data Management Test Report}",
number = "DMTR-41",
  handle = {DMTR-41},
}


@TechReport{DMTR-61,
  author = {Butler, M. and Parsons, J.},
   title = {LDM-503-04 and LDM-503-04b (Raw Image Archiving Service) Test Report},
    year = 2018,
   month = jun,
institution = "{NSF-DOE Vera C. Rubin Observatory}",
   url =    {https://ls.st/DMTR-61},
type = "{Data Management Test Report}",
number = "DMTR-61",
  handle = {DMTR-61},
}


@TechReport{DMTR-82,
  author = {Vinicius Arcanjo and Albert Astudillo and Jeronimo Bezerra and Luis Corral and Julio Ibarra and Sandra Jaque and Jeff Kantor and Matt Kollross and Ron Lambert},
   title = "{Network Bandwidth Tests between Chile and the United States}",
    year = 2018,
   month = jun,
institution = "{NSF-DOE Vera C. Rubin Observatory}",
   url =    {https://ls.st/DMTR-82},
type = "{Data Management Test Report}",
number = "DMTR-82",
  handle = {DMTR-82},
}

@TechReport{Document-14789,
  author =       {Jeff Kantor},
  title =        "{LSST Long-Haul Networks (LHN) End-to-end Test Plan}",
  year =         2014,
  month =        sep,
institution = "{NSF-DOE Vera C. Rubin Observatory}",
   url =          {https://ls.st/document-14789},
type = "{Informal Construction Document}",
number = "Document-14789",
  handle =       {Document-14789},
}

@TechReport{Document-37650,
  author =       {John Gizis and {Stars, Milky Way \& Local Volume Science Collaboration}},
  title =        "{LSST Long-Haul Networks (LHN) End-to-end Test Plan}",
  year =         2021,
  month =        apr,
institution = "{NSF-DOE Vera C. Rubin Observatory}",
   url =          {https://ls.st/Document-37650},
type = "{Informal Construction Document}",
number = "Document-37650",
  handle =       {Document-37650},
}

@TechReport{Document-25351,
  author =       {Zeljko Ivezic and Victor Krabbendam},
  title =        "{Leadership Roles, Responsibilities, Authorities and Accountabilities (R2A2s) for the Executive Committee of the Rubin Observatory Construction Projec}",
  year =         2022,
  month =        apr,
institution = "{NSF-DOE Vera C. Rubin Observatory}",
   url =          {https://ls.st/Document-25351},
type = "{Informal Construction Document}",
number = "Document-25351",
  handle =       {Document-25351},
}

@TechReport{ACP,
  author =       {Phil Marshall},
  title =        "{Access Control Plan for the Vera C. Rubin Observatory U.S. Data Facility Embargo Rack }",
  year =         2024,
  month =        jun,
institution = {SLAC},
note =          {Internal document},
  handle =       {ACP},
  number = "ACP",
}



@TechReport{RDO-121,
  author = {KT. Lim and William O'Mullane},
  title = "{Vera C. Rubin Observatory Prerelease Data Policy}",
  year = {2025},
  month =        feb,
institution = "{NSF-DOE Vera C. Rubin Observatory}",
   url =    {https://ls.st/RDO-121},
type = "{Data Management Operations Controlled Document}",
number = "RDO-121",
  handle = {RDO-121}
}

@misc{10.71929/rubin/2561361,
  doi = {10.71929/RUBIN/2561361},
  url = {https://www.osti.gov//servlets/purl/2561361},
  author = {{SLAC National Accelerator Laboratory} and {NSF-DOE Vera C. Rubin Observatory}},
  keywords = {79 ASTRONOMY AND ASTROPHYSICS},
  language = {en},
  title = "{LSST Commissioning Camera}",
  publisher = {SLAC National Accelerator Laboratory (SLAC), Menlo Park, CA (United States)},
  year = {2024}
}

@misc{10.71929/rubin/2571927,
  doi = {10.71929/rubin/2571927},
  url = {https://www.osti.gov//servlets/purl/2571927},
  author = {{SLAC National Accelerator Laboratory} and {NSF-DOE Vera C. Rubin Observatory}},
  keywords = {79 ASTRONOMY AND ASTROPHYSICS},
  language = {en},
  title = "{The LSST Camera (LSSTCam)}",
  publisher = {SLAC National Accelerator Laboratory (SLAC), Menlo Park, CA (United States)},
  year = {2025}
}

@misc{10.71929/rubin/2571930,
  doi = {10.71929/rubin/2571930},
  url = {https://www.osti.gov//servlets/purl/2571930},
  author = {{NSF-DOE Vera C. Rubin Observatory}},
  keywords = {79 ASTRONOMY AND ASTROPHYSICS},
  language = {en},
  title = "{LSST Atmospheric Transmission Imager and Slitless Spectrograph (LATISS)}",
  publisher = {NSF-DOE Vera C. Rubin Observatory},
  year = {2020}
}

@misc{10.71929/rubin/2570309,
  doi = {10.71929/RUBIN/2570309},
  url = {https://www.osti.gov//servlets/purl/2570309},
  author = {{NSF-DOE Vera C. Rubin Observatory}},
  keywords = {79 ASTRONOMY AND ASTROPHYSICS},
  title = "{Legacy Survey of Space and Time Data Preview 1: calibrations dataset type [Data set]}",
  publisher = {NSF-DOE Vera C. Rubin Observatory},
  year = {2025}
}

@misc{10.71929/rubin/2570310,
  doi = {10.71929/RUBIN/2570310},
  url = {https://www.osti.gov//servlets/purl/2570310},
  author = {{NSF-DOE Vera C. Rubin Observatory}},
  keywords = {79 ASTRONOMY AND ASTROPHYSICS},
  title = "{Legacy Survey of Space and Time Data Preview 1: raw dataset type [Data set]}",
  publisher = {NSF-DOE Vera C. Rubin Observatory},
  year = {2025}
}

@misc{10.71929/rubin/2570311,
  doi = {10.71929/RUBIN/2570311},
  url = {https://www.osti.gov//servlets/purl/2570311},
  author = {{NSF-DOE Vera C. Rubin Observatory}},
  keywords = {79 ASTRONOMY AND ASTROPHYSICS},
  title = "{Legacy Survey of Space and Time Data Preview 1: visit_image dataset type [Data set]}",
  publisher = {NSF-DOE Vera C. Rubin Observatory},
  year = {2025}
}

@misc{10.71929/rubin/2570312,
  doi = {10.71929/RUBIN/2570312},
  url = {https://www.osti.gov//servlets/purl/2570312},
  author = {{NSF-DOE Vera C. Rubin Observatory}},
  keywords = {79 ASTRONOMY AND ASTROPHYSICS},
  title = "{Legacy Survey of Space and Time Data Preview 1: difference_image dataset type [Data set]}",
  publisher = {NSF-DOE Vera C. Rubin Observatory},
  year = {2025}
}

@misc{10.71929/rubin/2570313,
  doi = {10.71929/RUBIN/2570313},
  url = {https://www.osti.gov//servlets/purl/2570313},
  author = {{NSF-DOE Vera C. Rubin Observatory}},
  keywords = {79 ASTRONOMY AND ASTROPHYSICS},
  title = "{Legacy Survey of Space and Time Data Preview 1: deep_coadd dataset type [Data set]}",
  publisher = {NSF-DOE Vera C. Rubin Observatory},
  year = {2025}
}

@misc{10.71929/rubin/2570314,
  doi = {10.71929/RUBIN/2570314},
  url = {https://www.osti.gov//servlets/purl/2570314},
  author = {{NSF-DOE Vera C. Rubin Observatory}},
  keywords = {79 ASTRONOMY AND ASTROPHYSICS},
  title = "{Legacy Survey of Space and Time Data Preview 1: template_coadd dataset type [Data set]}",
  publisher = {NSF-DOE Vera C. Rubin Observatory},
  year = {2025}
}

@misc{10.71929/rubin/2570315,
  doi = {10.71929/RUBIN/2570315},
  url = {https://www.osti.gov//servlets/purl/2570315},
  author = {{NSF-DOE Vera C. Rubin Observatory}},
  keywords = {79 ASTRONOMY AND ASTROPHYSICS},
  title = "{Legacy Survey of Space and Time Data Preview 1: survey property dataset type [Data set]}",
  publisher = {NSF-DOE Vera C. Rubin Observatory},
  year = {2025}
}

@misc{10.71929/rubin/2570316,
  doi = {10.71929/RUBIN/2570316},
  url = {https://www.osti.gov//servlets/purl/2570316},
  author = {{NSF-DOE Vera C. Rubin Observatory}},
  keywords = {79 ASTRONOMY AND ASTROPHYSICS},
  title = "{Legacy Survey of Space and Time Data Preview 1: dia_source dataset type [Data set]}",
  publisher = {NSF-DOE Vera C. Rubin Observatory},
  year = {2025}
}

@misc{10.71929/rubin/2570317,
  doi = {10.71929/RUBIN/2570317},
  url = {https://www.osti.gov//servlets/purl/2570317},
  author = {{NSF-DOE Vera C. Rubin Observatory}},
  keywords = {79 ASTRONOMY AND ASTROPHYSICS},
  title = "{Legacy Survey of Space and Time Data Preview 1: DiaSource searchable catalog [Data set]}",
  publisher = {NSF-DOE Vera C. Rubin Observatory},
  year = {2025}
}

@misc{10.71929/rubin/2570318,
  doi = {10.71929/RUBIN/2570318},
  url = {https://www.osti.gov//servlets/purl/2570318},
  author = {{NSF-DOE Vera C. Rubin Observatory}},
  keywords = {79 ASTRONOMY AND ASTROPHYSICS},
  title = "{Legacy Survey of Space and Time Data Preview 1: dia_object dataset type [Data set]}",
  publisher = {NSF-DOE Vera C. Rubin Observatory},
  year = {2025}
}

@misc{10.71929/rubin/2570319,
  doi = {10.71929/RUBIN/2570319},
  url = {https://www.osti.gov//servlets/purl/2570319},
  author = {{NSF-DOE Vera C. Rubin Observatory}},
  keywords = {79 ASTRONOMY AND ASTROPHYSICS},
  title = "{Legacy Survey of Space and Time Data Preview 1: DiaObject searchable catalog [Data set]}",
  publisher = {NSF-DOE Vera C. Rubin Observatory},
  year = {2025}
}

@misc{10.71929/rubin/2570320,
  doi = {10.71929/RUBIN/2570320},
  url = {https://www.osti.gov//servlets/purl/2570320},
  author = {{NSF-DOE Vera C. Rubin Observatory}},
  keywords = {79 ASTRONOMY AND ASTROPHYSICS},
  title = "{Legacy Survey of Space and Time Data Preview 1: dia_object_forced_source dataset type [Data set]}",
  publisher = {NSF-DOE Vera C. Rubin Observatory},
  year = {2025}
}

@misc{10.71929/rubin/2570321,
  doi = {10.71929/RUBIN/2570321},
  url = {https://www.osti.gov//servlets/purl/2570321},
  author = {{NSF-DOE Vera C. Rubin Observatory}},
  keywords = {79 ASTRONOMY AND ASTROPHYSICS},
  title = "{Legacy Survey of Space and Time Data Preview 1: ForcedSourceOnDiaObject searchable catalog [Data set]}",
  publisher = {NSF-DOE Vera C. Rubin Observatory},
  year = {2025}
}

@misc{10.71929/rubin/2570322,
  doi = {10.71929/RUBIN/2570322},
  url = {https://www.osti.gov//servlets/purl/2570322},
  author = {{NSF-DOE Vera C. Rubin Observatory}},
  keywords = {79 ASTRONOMY AND ASTROPHYSICS},
  title = "{Legacy Survey of Space and Time Data Preview 1: source dataset type [Data set]}",
  publisher = {NSF-DOE Vera C. Rubin Observatory},
  year = {2025}
}

@misc{10.71929/rubin/2570323,
  doi = {10.71929/RUBIN/2570323},
  url = {https://www.osti.gov//servlets/purl/2570323},
  author = {{NSF-DOE Vera C. Rubin Observatory}},
  keywords = {79 ASTRONOMY AND ASTROPHYSICS},
  title = "{Legacy Survey of Space and Time Data Preview 1: Source searchable catalog [Data set]}",
  publisher = {NSF-DOE Vera C. Rubin Observatory},
  year = {2025}
}

@misc{10.71929/rubin/2570324,
  doi = {10.71929/RUBIN/2570324},
  url = {https://www.osti.gov//servlets/purl/2570324},
  author = {{NSF-DOE Vera C. Rubin Observatory}},
  keywords = {79 ASTRONOMY AND ASTROPHYSICS},
  title = "{Legacy Survey of Space and Time Data Preview 1: object dataset type [Data set]}",
  publisher = {NSF-DOE Vera C. Rubin Observatory},
  year = {2025}
}

@misc{10.71929/rubin/2570325,
  doi = {10.71929/RUBIN/2570325},
  url = {https://www.osti.gov//servlets/purl/2570325},
  author = {{NSF-DOE Vera C. Rubin Observatory}},
  keywords = {79 ASTRONOMY AND ASTROPHYSICS},
  title = "{Legacy Survey of Space and Time Data Preview 1: Object searchable catalog [Data set]}",
  publisher = {NSF-DOE Vera C. Rubin Observatory},
  year = {2025}
}

@misc{10.71929/rubin/2570326,
  doi = {10.71929/RUBIN/2570326},
  url = {https://www.osti.gov//servlets/purl/2570326},
  author = {{NSF-DOE Vera C. Rubin Observatory}},
  keywords = {79 ASTRONOMY AND ASTROPHYSICS},
  title = "{Legacy Survey of Space and Time Data Preview 1: object_forced_source dataset type [Data set]}",
  publisher = {NSF-DOE Vera C. Rubin Observatory},
  year = {2025}
}

@misc{10.71929/rubin/2570327,
  doi = {10.71929/RUBIN/2570327},
  url = {https://www.osti.gov//servlets/purl/2570327},
  author = {{NSF-DOE Vera C. Rubin Observatory}},
  keywords = {79 ASTRONOMY AND ASTROPHYSICS},
  title = "{Legacy Survey of Space and Time Data Preview 1: ForcedSource searchable catalog [Data set]}",
  publisher = {NSF-DOE Vera C. Rubin Observatory},
  year = {2025}
}

@misc{10.71929/rubin/2570328,
  doi = {10.71929/RUBIN/2570328},
  url = {https://www.osti.gov//servlets/purl/2570328},
  author = {{NSF-DOE Vera C. Rubin Observatory}},
  keywords = {79 ASTRONOMY AND ASTROPHYSICS},
  title = "{Legacy Survey of Space and Time Data Preview 1: visit_table dataset type [Data set]}",
  publisher = {NSF-DOE Vera C. Rubin Observatory},
  year = {2025}
}

@misc{10.71929/rubin/2570329,
  doi = {10.71929/RUBIN/2570329},
  url = {https://www.osti.gov//servlets/purl/2570329},
  author = {{NSF-DOE Vera C. Rubin Observatory}},
  keywords = {79 ASTRONOMY AND ASTROPHYSICS},
  title = "{Legacy Survey of Space and Time Data Preview 1: Visit searchable catalog [Data set]}",
  publisher = {NSF-DOE Vera C. Rubin Observatory},
  year = {2025}
}

@misc{10.71929/rubin/2570330,
  doi = {10.71929/RUBIN/2570330},
  url = {https://www.osti.gov//servlets/purl/2570330},
  author = {{NSF-DOE Vera C. Rubin Observatory}},
  keywords = {79 ASTRONOMY AND ASTROPHYSICS},
  title = "{Legacy Survey of Space and Time Data Preview 1: visit_detector_table dataset type [Data set]}",
  publisher = {NSF-DOE Vera C. Rubin Observatory},
  year = {2025}
}

@misc{10.71929/rubin/2570331,
  doi = {10.71929/RUBIN/2570331},
  url = {https://www.osti.gov//servlets/purl/2570331},
  author = {{NSF-DOE Vera C. Rubin Observatory}},
  keywords = {79 ASTRONOMY AND ASTROPHYSICS},
  title = "{Legacy Survey of Space and Time Data Preview 1: CcdVisit searchable catalog [Data set]}",
  publisher = {NSF-DOE Vera C. Rubin Observatory},
  year = {2025}
}

@misc{10.71929/rubin/2570332,
  doi = {10.71929/RUBIN/2570332},
  url = {https://www.osti.gov//servlets/purl/2570332},
  author = {{NSF-DOE Vera C. Rubin Observatory}},
  keywords = {79 ASTRONOMY AND ASTROPHYSICS},
  title = "{Legacy Survey of Space and Time Data Preview 1: ss_source dataset type [Data set]}",
  publisher = {NSF-DOE Vera C. Rubin Observatory},
  year = {2025}
}

@misc{10.71929/rubin/2570333,
  doi = {10.71929/RUBIN/2570333},
  url = {https://www.osti.gov//servlets/purl/2570333},
  author = {{NSF-DOE Vera C.\ Rubin Observatory}},
  keywords = {79 ASTRONOMY AND ASTROPHYSICS},
  title = "{Legacy Survey of Space and Time Data Preview 1: SSSource searchable catalog [Data set]}",
  publisher = {NSF-DOE Vera C. Rubin Observatory},
  year = {2025}
}

@misc{10.71929/rubin/2570334,
  doi = {10.71929/RUBIN/2570334},
  url = {https://www.osti.gov//servlets/purl/2570334},
  author = {{NSF-DOE Vera C.\ Rubin Observatory}},
  keywords = {79 ASTRONOMY AND ASTROPHYSICS},
  title = "{Legacy Survey of Space and Time Data Preview 1: ss_object dataset type [Data set]}",
  publisher = {NSF-DOE Vera C. Rubin Observatory},
  year = {2025}
}

@misc{10.71929/rubin/2570335,
  doi = {10.71929/RUBIN/2570335},
  url = {https://www.osti.gov//servlets/purl/2570335},
  author = {{NSF-DOE Vera C.\ Rubin Observatory}},
  keywords = {79 ASTRONOMY AND ASTROPHYSICS},
  title = "{Legacy Survey of Space and Time Data Preview 1: SSObject searchable catalog [Data set]}",
  publisher = {NSF-DOE Vera C. Rubin Observatory},
  year = {2025}
}

@misc{10.71929/rubin/2570308,
  doi = {10.71929/RUBIN/2570308},
  url = {https://www.osti.gov//servlets/purl/2570308},
  author = {{NSF-DOE Vera C.\ Rubin Observatory}},
  keywords = {79 ASTRONOMY AND ASTROPHYSICS},
  title = "{Legacy Survey of Space and Time Data Preview 1 [Data set]}",
  publisher = {NSF-DOE Vera C. Rubin Observatory},
  year = {2025}
}
