<coroutine object generate_bibfile at 0x10383f290>
