

@INPROCEEDINGS{10.1117/12.2055921,
    author = "{Guzman}, Juan Carlos and {Chiozzi}, Gianluca and {Bridger}, Alan and {Ibsen}, Jorge",
    editor = "{Chiozzi}, Gianluca and {Radziwill}, Nicole M.",
    title = "{The cost of developing and maintain the monitoring and control software of large ground-based telescopes}",
    booktitle = "Software and Cyberinfrastructure for Astronomy III",
    year = "2014",
    series = "Society of Photo-Optical Instrumentation Engineers (SPIE) Conference Series",
    volume = "9152",
    month = "July",
    eid = "91521P",
    pages = "91521P",
    doi = "10.1117/12.2055921",
    adsurl = "https://ui.adsabs.harvard.edu/abs/2014SPIE.9152E..1PG",
    adsnote = "Provided by the SAO/NASA Astrophysics Data System"
}

@ARTICLE{1991.Spyak.OpticalEngineering,
    author = "{Spyak}, P.R. and {Wolfe}, W.L.",
    title = "{Scatter from particulate-contaminated mirrors}",
    journal = "Optical Engineering",
    year = "1991",
    volume = "31",
    pages = "1746-1784"
}

@ARTICLE{1997.Fornies-Marquina.IEEE,
    author = "{Fornies-Marquina}, J.M. and {Letosa}, J. and {Garc{\'\i}a-Gracia}, M. and {Artacho}, J.M.",
    title = "{Error propagation for the transformation of time domain into frequency domain}",
    journal = "IEEE transactions on magnetics",
    year = "1997",
    month = "March",
    volume = "33",
    pages = "1456-1459"
}

@ARTICLE{2003.Holland.IEEE,
    author = "{Holland}, S. E. and {Groom}, D. E. and {Palaio}, N. P. and {Stover}, R. J. and {Wei}, M.",
    title = "{Fully depleted, back-illuminated charge-coupled devices fabricated on high-resistivity silicon}",
    journal = "IEEE transactions on electron devices",
    year = "2003",
    month = "January",
    volume = "50",
    pages = "225-238"
}

@ARTICLE{2005Scons1377085,
    author = "Knight, S.",
    journal = "Computing in Science Engineering",
    title = "{Building software with SCons}",
    year = "2005",
    volume = "7",
    number = "1",
    pages = "79-88",
    keywords = "configuration management;programming environments;software libraries;software tools;SCons;commercial packages;har dware platforms;next-generation software build tool;open-source packages;operating systems;software building;software creation ;software libraries;software package;software programming;software projects;source code;Buildings;Open source software;Operati ng systems;Packaging;Program processors;Software libraries;Software packages;libraries;programming;software",
    doi = "10.1109/MCSE.2005.11",
    adsurl = {https://ui.adsabs.harvard.edu/abs/2005CSE.....7a..79K},
    ISSN = "1521-9615"
}

@ARTICLE{2005.Baccaro.IEEE,
    author = "{Baccaro}, S. and {Piegari}, A. and {Di Sarcina}, I. and {Cecilia}, A.",
    title = "{Effect of Irradiation on Optical Components}",
    journal = "IEEE transactions on nuclear science",
    year = "2005",
    month = "October",
    volume = "52",
    pages = "1779-1784"
}

@INPROCEEDINGS{2008ASSL..349..399K,
    author = "{Klioner}, Sergei A.",
    editor = "{Dittus}, Hansjorg and {Lammerzahl}, Claus and {Turyshev}, Slava G.",
    title = "{Testing Relativity with Space Astrometry Missions}",
    keywords = "Physics",
    booktitle = "Lasers, Clocks and Drag-Free Control: Exploration of Relativistic Gravity in Space",
    year = "2008",
    series = "Astrophysics and Space Science Library",
    volume = "349",
    month = "January",
    pages = "399",
    doi = "10.1007/978-3-540-34377-6_19",
    adsurl = "https://ui.adsabs.harvard.edu/abs/2008ASSL..349..399K",
    adsnote = "Provided by the SAO/NASA Astrophysics Data System"
}

@ARTICLE{2010.Seabroke.SPIE,
    author = "Seabroke, G. M. and Holland, A. D. and Burt, D. and Robbins, M. S.",
    title = "{Silvaco ATLAS model of ESA's Gaia satellite e2v CCD91-72 pixels}",
    journal = "Proc. SPIE",
    year = "2010",
    volume = "7742",
    pages = "774-14"
}

@ARTICLE{2010arXiv1002.5016K,
    author = "{Klioner}, Sergei A. and {Zschocke}, Sven and {Soffel}, Michael H. and {Butkevich}, Alexey G.",
    title = "{Testing Local Lorentz Invariance with high-accuracy astrometric observations}",
    journal = "arXiv e-prints",
    keywords = "Astrophysics - Cosmology and Extragalactic Astrophysics",
    year = "2010",
    month = "February",
    eid = "arXiv:1002.5016",
    pages = "arXiv:1002.5016",
    doi = "10.48550/arXiv.1002.5016",
    archivePrefix = "arXiv",
    eprint = "1002.5016",
    primaryClass = "astro-ph.CO",
    adsurl = "https://ui.adsabs.harvard.edu/abs/2010arXiv1002.5016K",
    adsnote = "Provided by the SAO/NASA Astrophysics Data System"
}

@ARTICLE{2012.Vuillermet.SPIE,
    author = "Vuillermet, M. and Billon-Lanfrey, D. and Reibel, Y. and Manissadjian, A. and Mollard, L. and Baier, N. and Gravrand, O. and G., Dest√©fanis",
    title = "{Status of MCT focal plane arrays in France}",
    journal = "Proc. SPIE 8353, Infrared Technology and Applications XXXVIII",
    year = "2012",
    month = "May",
    volume = "38",
    pages = "83532",
    doi = "10.1117/12.921868"
}

@Misc{AmazonGlacier,
    author = "Amazon",
    title = "{Amazon Glacier -- Cloud Archive}",
    url = "https://aws.amazon.com/glacier/"
}

@ARTICLE{Ana:AgisCg,
    author = "{Bombrun}, A. and {Lindegren}, L. and {Hobbs}, D. and {Holl}, B. and {Lammers}, U. and {Bastian}, U.",
    title = "{A conjugate gradient algorithm for the astrometric core solution of Gaia}",
    journal = "\aap",
    keywords = "methods: numerical, space vehicles: instruments, methods: data analysis, astrometry, Astrophysics - Instrumentation and Methods for Astrophysics",
    year = "2012",
    month = "February",
    volume = "538",
    eid = "A77",
    pages = "A77",
    doi = "10.1051/0004-6361/201117904",
    archivePrefix = "arXiv",
    eprint = "1112.4165",
    primaryClass = "astro-ph.IM",
    adsurl = "https://ui.adsabs.harvard.edu/abs/2012A&A...538A..77B",
    adsnote = "Provided by the SAO/NASA Astrophysics Data System"
}

@ARTICLE{Ana:AgisMain,
    author = "{Lindegren}, L. and {Lammers}, U. and {Hobbs}, D. and {O'Mullane}, W. and {Bastian}, U. and {Hern{\'a}ndez}, J.",
    title = "{The astrometric core solution for the Gaia mission. Overview of models, algorithms, and software implementation}",
    journal = "\aap",
    keywords = "astrometry, methods: data analysis, methods: numerical, space vehicles: instruments, Astrophysics - Instrumentation and Methods for Astrophysics",
    year = "2012",
    month = "February",
    volume = "538",
    eid = "A78",
    pages = "A78",
    doi = "10.1051/0004-6361/201117905",
    archivePrefix = "arXiv",
    eprint = "1112.4139",
    primaryClass = "astro-ph.IM",
    adsurl = "https://ui.adsabs.harvard.edu/abs/2012A&A...538A..78L",
    adsnote = "Provided by the SAO/NASA Astrophysics Data System"
}

@inproceedings{Burrows:2006:CLS:1298455.1298487,
    author = "Burrows, Mike",
    title = "The Chubby Lock Service for Loosely-coupled Distributed Systems",
    booktitle = "Proceedings of the 7th Symposium on Operating Systems Design and Implementation",
    series = "OSDI '06",
    year = "2006",
    isbn = "1-931971-47-1",
    location = "Seattle, Washington",
    pages = "335--350",
    numpages = "16",
    url = "http://dl.acm.org/citation.cfm?id=1298455.1298487",
    acmid = "1298487",
    publisher = "USENIX Association",
    address = "Berkeley, CA, USA"
}

@TechReport{CU6:AG-003,
    author = "Guerrier, A.",
    title = "{S}oftware {D}esign {D}ocument for {W}avelength {C}alibration",
    institution = "ESA",
    note = "GAIA-C6-TN-OPM-AG-003-1"
}

@TechReport{CU6:AG-004,
    author = "Guerrier, A.",
    title = "{S}oftware {D}esign {D}ocument for {A}pply {C}alibration",
    institution = "ESA",
    note = "GAIA-C6-SP-OPM-AG-004-1"
}

@Misc{CampaignStorage,
    key = "Campaign Storage",
    title = "{Campaign Storage}",
    url = "http://campaignstorage.com/"
}

@article{Chang:2008:BDS:1365815.1365816,
    author = "Chang, Fay and Dean, Jeffrey and Ghemawat, Sanjay and Hsieh, Wilson C. and Wallach, Deborah A. and Burrows, Mike and Chandra, Tushar and Fikes, Andrew and Gruber, Robert E.",
    title = "Bigtable: A Distributed Storage System for Structured Data",
    journal = "ACM Trans. Comput. Syst.",
    issue_date = "June 2008",
    volume = "26",
    number = "2",
    month = "June",
    year = "2008",
    issn = "0734-2071",
    pages = "4:1--4:26",
    articleno = "4",
    numpages = "26",
    doi = "10.1145/1365815.1365816",
    acmid = "1365816",
    publisher = "ACM",
    address = "New York, NY, USA",
    keywords = "Large-Scale Distributed Storage"
}

@inproceedings{Chattopadhyay:2011:37200,
    author = "Chattopadhyay, B. and Lin, Liang and Liu, Weiran and Aragonda, Sagar Mittal P. and Lychagina, V. and Kwon, Younghee and Wong, Michael",
    title = "Tenzing A SQL Implementation On The MapReduce Framework",
    year = "2011",
    booktitle = "Proceedings of VLDB",
    volume = "4",
    pages = "1318--1327",
    url = "https://research.google.com/pubs/pub37200.html"
}

@INPROCEEDINGS{Coster:2014:ION,
    author = "Coster, A. and Pankratius, V. and Lind, F. and Erickson, P. and Semeter, J.",
    title = "{The Mahali Space Weather Project: Advancing GNSS Ionospheric Science}",
    year = "2014",
    pages = "1213-1221",
    month = "September",
    booktitle = "Proceedings of the 27th International Technical Meeting of The Satellite Division of the Institute of Navigation (ION GNSS+ 2014)",
    url = "https://www.ion.org/publications/abstract.cfm?articleID=12273"
}

@inproceedings{DBLP:conf/cidr/BeclaW05,
    author = "Becla, Jacek and Wang, Daniel L.",
    title = "Lessons Learned from Managing a Petabyte",
    booktitle = "{CIDR} 2005, Second Biennial Conference on Innovative Data Systems Research, Asilomar, CA, USA, January 4-7, 2005, Online Proceedings",
    pages = "70--83",
    year = "2005",
    url = "http://cidrdb.org/cidr2005/papers/P06.pdf",
    timestamp = "Thu, 29 Jun 2017 19:21:39 +0200",
    biburl = "http://dblp.dagstuhl.de/rec/bib/conf/cidr/BeclaW05",
    bibsource = "dblp computer science bibliography, http://dblp.org"
}

@article{DBLP:journals/debu/IdreosGNMMK12,
    author = "Idreos, Stratos and Groffen, Fabian and Nes, Niels and Manegold, Stefan and Mullender, K. Sjoerd and Kersten, Martin L.",
    title = "MonetDB: Two Decades of Research in Column-oriented Database Architectures",
    journal = "{IEEE} Data Eng. Bull.",
    volume = "35",
    number = "1",
    pages = "40--45",
    year = "2012",
    url = "http://sites.computer.org/debull/A12mar/monetdb.pdf",
    timestamp = "Tue, 17 Apr 2012 13:08:58 +0200",
    biburl = "http://dblp.uni-trier.de/rec/bib/journals/debu/IdreosGNMMK12",
    bibsource = "dblp computer science bibliography, http://dblp.org"
}

@TechReport{DOC:HEH-001,
    author = "Huckle, H.",
    year = "2007",
    institution = "ESA",
    title = "Continuum {N}ormalisation",
    note = "GAIA-C6-SP-MSSL-HEH-001-D"
}

@misc{DeWitt:2008:MapReduce,
    author = "DeWitt, David",
    title = "{MapReduce: A major step backwards}",
    month = "January",
    year = "2008",
    url = "https://web.archive.org/web/20090327050223/http://www.databasecolumn.com/2008/01/mapreduce-a-major-step-back.html"
}

@misc{DeWitt:2008:MapReduceII,
    author = "DeWitt, David",
    title = "{MapReduce II}",
    month = "January",
    year = "2008",
    url = "https://web.archive.org/web/20090326224219/http://www.databasecolumn.com:80/2008/01/mapreduce-continued.html"
}

@article{Dean:2008:MSD:1327452.1327492,
    author = "Dean, Jeffrey and Ghemawat, Sanjay",
    title = "MapReduce: Simplified Data Processing on Large Clusters",
    journal = "Commun. ACM",
    issue_date = "January 2008",
    volume = "51",
    number = "1",
    month = "January",
    year = "2008",
    issn = "0001-0782",
    pages = "107--113",
    numpages = "7",
    doi = "10.1145/1327452.1327492",
    acmid = "1327492",
    publisher = "ACM",
    address = "New York, NY, USA"
}

@ARTICLE{Deelman:2015:Pegasus,
    author = "Deelman, Ewa and Vahi, Karan and Juve, Gideon and Rynge, Mats and Callaghan, Scott and Maechling, Philip J and Mayani, Rajiv and Chen, Weiwei and Ferreira da Silva, Rafael and Livny, Miron and Wenger, Kent",
    url = "http://pegasus.isi.edu/publications/2014/2014-fgcs-deelman.pdf",
    title = "Pegasus: a Workflow Management System for Science Automation",
    journal = "Future Generation Computer Systems",
    volume = "46",
    pages = "17-35",
    year = "2015",
    note = "Funding Acknowledgements: NSF ACI SDCI 0722019, NSF ACI SI2-SSI 1148515 and NSF OCI-1053575",
    doi = "10.1016/j.future.2014.10.008"
}

@article{Dorigo:2005:XRootd,
    author = "Dorigo, A. and Elmer, P. and Furano, F. and Hanushevsky, A.",
    title = "{XROOTD - A Highly scalable architecture for data access}",
    journal = "WSEAS Transactions on Computers",
    volume = "4",
    pages = "348",
    year = "2005",
    month = "April",
    url = "http://xrootd.org/presentations/xpaper3_cut_journal.pdf"
}

@Misc{Dyke:2009:Madison,
    author = "Dyke, Paul",
    title = "{Microsoft SQL Server Project code-named 'Madison'}",
    year = "2009",
    howpublished = "PASS Summit Unite",
    url = "http://wiki.esi.ac.uk/w/files/5/5c/Dyke-Details_of_Project_Madison-1.pdf"
}

@MISC{FIPS200,
    author = "Division, Computer Security",
    publisher = "National Institute of Standards and Technology Federal Information Processing Standards",
    title = "Publication 200, Minimum Security Requirements for Federal Information and Information Systems",
    month = "mar",
    year = "2006",
    handle = "NIST.FIPS.200",
    url = "https://doi.org/10.6028/NIST.FIPS.200"
}

@misc{Foley:2011:Zdnet,
    author = "Foley, Mary Jo",
    title = "{Microsoft drops Dryad; puts its big-data bets on Hadoop}",
    year = "2011",
    month = "November",
    url = "http://www.zdnet.com/article/microsoft-drops-dryad-puts-its-big-data-bets-on-hadoop/"
}

@article{Fraedrich:2009:TMV,
    author = "Fraedrich, Roland and Schneider, Jens and Westermann, R√ºdiger",
    journal = "IEEE Transactions on Visualization and Computer Graphics",
    title = "Exploring the Millennium Run - Scalable Rendering of Large-Scale Cosmological Datasets",
    year = "2009",
    volume = "15",
    number = "6",
    pages = "1251-1258",
    keywords = "Large-scale systems;Data visualization;Scalability;Analytical models;Geometry;Computational modeling;Graphics;Rendering (computer graphics);Vector quantization;Acceleration;Particle Visualization;Scalability;Cosmology",
    doi = "10.1109/TVCG.2009.142"
}

@TechReport{GAIA.ASF.SP.PLM.00174,
    author = "{EADS\textasciitilde Astrium}",
    title = "GAIA PLM TB/TV test specification: functional and performance tests",
    institution = "ESA",
    year = "2010",
    month = "June",
    note = "GAIA.ASF.SP.PLM.00174"
}

@TechReport{GAIA.ASU.TCN.ESM.00153,
    author = "{EADS\textasciitilde Astrium}",
    title = "Gaia Attitude- and Orbit-Control sub-System Normal Mode Final Tuning and Stability Analysis",
    institution = "ESA",
    year = "2011",
    month = "July",
    note = "GAIA.ASU.TCN.ESM.00153"
}

@TechReport{GAIASYS.NT.00134.T.ASTR,
    author = "{EADS\textasciitilde Astrium}",
    title = "GAIA Point Spread Function and internal straylight evaluation",
    institution = "ESA",
    year = "2004",
    month = "February",
    note = "GAIASYS.NT.00134.T.ASTR"
}

@Misc{GPFS,
    key = "GPFS",
    title = "{IBM Spectrum Scale}",
    url = "https://www.ibm.com/us-en/marketplace/scale-out-file-and-object-storage"
}

@misc{GaiaSpecs,
    author = "{The Gaia Team}",
    title = "{Science Performance of the Gaia Mission}",
    url = "https://www.cosmos.esa.int/web/gaia/science-performance"
}

@Misc{GlobusTransfer,
    author = "Globus",
    title = "{Globus Transfer API Documentation}",
    url = "https://docs.globus.org/api/transfer/"
}

@techreport{Gray:2006:Zones,
    author = "Gray, Jim",
    title = "The Zones Algorithm for Finding Points-Near-a-Point or Cross-Matching Spatial Datasets",
    number = "MSR-TR-2006-52",
    year = "2006",
    month = "April",
    abstract = "Zones index an N-dimensional Euclidian or metric space to efficiently support points-near-a-point queries either within a dataset or between two datasets. The approach uses relational algebra and the B-Tree mechanism found in almost all relational database systems. Hence, the Zones Algorithm gives a portable-relational implementation of points-near-point, spatial cross-match, and self-match queries. This article corrects some mistakes in an earlier article we wrote on the Zones Algorithm and describes some algorithmic improvements. The Appendix includes an implementation of point-near-point, self-match, and cross-match using the USGS city and stream gauge database.",
    institution = "Microsoft",
    url = "https://www.microsoft.com/en-us/research/publication/the-zones-algorithm-for-finding-points-near-a-point-or-cross-matching-spatial-datasets/"
}

@Misc{HPSS,
    key = "HPSS",
    title = "{HPSS -- High Performance Storage Systems}",
    url = "http://hpss-collaboration.org/"
}

@Misc{HTCondor,
    key = "HTCondor",
    title = "{HTCondor}",
    url = "https://research.cs.wisc.edu/htcondor/index.html"
}

@misc{Hoff:2008:Skype,
    author = "Hoff, Todd",
    title = "{Skype Plans For PostgreSQL To Scale To 1 Billion Users}",
    year = "2008",
    month = "April",
    url = "http://highscalability.com/skype-plans-postgresql-scale-1-billion-users"
}

@article{Hohenkerk1985,
    author = "Hohenkerk, C.Y. and Sinclair, A.T.",
    abstract = "The bending of a light ray as it passes through the atmosphere is cal- culated by numerical evaluation of the refraction integral, expressed in a form that avoids numerical difficulties at a zenith angle of 90 ‚ó¶ . A polytropic model atmosphere is used, and the parameters of the model are varied in order to determine the effect on the computed refraction value. Good agreement is obtained with other evaluations of refraction for zenith angles up to 75 ‚ó¶ . Beyond that it becomes sen- sitive to the values of the parameters used, particularly the pressure, temperature, temperature lapse rate, and wavelength of the light ray. Good agreement is obtained with other evaluations provided the same parameter values are used.",
    journal = "NAO Technical Note",
    volume = "63",
    title = "The computation of angular atmospheric refraction at large zenith angles",
    year = "1985",
    url = "http://astro.ukho.gov.uk/data/tn/naotn63.pdf"
}

@Article{IAU:2001,
    author = "IAU",
    title = "",
    journal = "{I}nformation {B}ulletin",
    volume = "88",
    year = "2001",
    note = "(errata in IAU Information Bulletin, 89)"
}

@MISC{IVOAMOC,
    author = "{Fernique}, Pierre and {Boch}, Thomas and {Donaldson}, Tom and {Durand}, Daniel and {O'Mullane}, Wil and {Reinecke}, Martin and {Taylor}, Mark",
    title = "{MOC - HEALPix Multi-Order Coverage map Version 1.0}",
    keywords = "Astrophysics - Instrumentation and Methods for Astrophysics",
    howpublished = "IVOA Recommendation 02 June 2014",
    year = "2014",
    month = "June",
    pages = "602",
    doi = "10.5479/ADS/bib/2014ivoa.spec.0602F",
    archivePrefix = "arXiv",
    eprint = "1505.02937",
    primaryClass = "astro-ph.IM",
    adsurl = "https://ui.adsabs.harvard.edu/abs/2014ivoa.spec.0602F",
    adsnote = "Provided by the SAO/NASA Astrophysics Data System"
}

@misc{Intersystems:2008:Globals,
    author = "Intersystems",
    title = "{Using Cache Globals}",
    url = "http://docs.intersystems.com/documentation/cache/20082/pdfs/GGBL.pdf",
    year = "2008",
    month = "October"
}

@inproceedings{Isard:2007:DDD:1272996.1273005,
    author = "Isard, Michael and Budiu, Mihai and Yu, Yuan and Birrell, Andrew and Fetterly, Dennis",
    title = "Dryad: Distributed Data-parallel Programs from Sequential Building Blocks",
    booktitle = "Proceedings of the 2Nd ACM SIGOPS/EuroSys European Conference on Computer Systems 2007",
    series = "EuroSys '07",
    year = "2007",
    isbn = "978-1-59593-636-3",
    location = "Lisbon, Portugal",
    pages = "59--72",
    numpages = "14",
    doi = "10.1145/1272996.1273005",
    acmid = "1273005",
    publisher = "ACM",
    address = "New York, NY, USA",
    keywords = "cluster computing, concurrency, dataflow, distributed programming"
}

@INPROCEEDINGS{Ivanova:2007:4274958,
    author = "Ivanova, M. and Nes, N. and Goncalves, R. and Kersten, M.",
    booktitle = "19th International Conference on Scientific and Statistical Database Management (SSDBM 2007)",
    title = "{MonetDB/SQL Meets SkyServer: the Challenges of a Scientific Database}",
    year = "2007",
    pages = "13",
    keywords = "SQL;database management systems;MonetDB/SQL;SkyServer;open source database system;reference platform;scientific database;sloan digital sky survey;zoom-in/zoom-out access patterns;Astronomy;Data mining;Database systems;Kernel;Logic;Object oriented databases;Pattern analysis;Performance analysis;Prototypes;Spatial databases",
    doi = "10.1109/SSDBM.2007.19",
    ISSN = "1551-6393",
    month = "July"
}

@article{JSSv059i10,
    author = "Wickham, Hadley",
    title = "Tidy Data",
    journal = "Journal of Statistical Software, Articles",
    volume = "59",
    number = "10",
    year = "2014",
    keywords = "",
    abstract = "A huge amount of effort is spent cleaning data to get it ready for analysis, but there has been little research on how to make data cleaning as easy and effective as possible. This paper tackles a small, but important, component of data cleaning: data tidying. Tidy datasets are easy to manipulate, model and visualize, and have a specific structure: each variable is a column, each observation is a row, and each type of observational unit is a table. This framework makes it easy to tidy messy datasets because only a small set of tools are needed to deal with a wide range of un-tidy datasets. This structure also makes it easier to develop tidy tools for data analysis, tools that both input and output tidy datasets. The advantages of a consistent data structure and matching tools are demonstrated with a case study free from mundane data manipulation chores.",
    issn = "1548-7660",
    pages = "1--23",
    doi = "10.18637/jss.v059.i10",
    url = "https://www.jstatsoft.org/v059/i10"
}

@misc{Kaiser04,
    author = "Kaiser, N.",
    title = "Addition of Images with Varying Seeing",
    year = "2004",
    url = "http://spider.ipac.caltech.edu/staff/fmasci/home/astro_refs/PanStars_Coadder.pdf",
    note = "Pan-STARRS Document Control, PSDC-002-011-xx"
}

@misc{Kirsch:2012,
    author = "Kirsch, Nathan",
    title = "{WD Red 3TB NAS Hard Drive Review}",
    url = "http://www.legitreviews.com/article/2092/3/",
    year = "2012",
    month = "December"
}

@LiveLink{LL:ESA/SPC(2009)6,
    author = "ESA",
    title = "Licensing of Data Processing Software for the Science Programme",
    institution = "",
    year = "2009",
    month = "January",
    url = "",
    livelinknumber = "ESA/SPC(2009)6",
    livelinkshortnumber = "{ESA/SPC(2009)6}"
}

@LiveLink{LL:SATMP,
    author = "Osuna, P.",
    title = "Science Archives and VO Team (SAT) Management Plan",
    institution = "European Space Astronomy Centre, Villafranca, Madrid",
    year = "2011",
    month = "May",
    url = "http://www.rssd.esa.int/llink/livelink/fetch/-415780/2741092/SAT_GEN_PL_3.0_06_MP_30May2011.pdf?nodeid=3120171&vernum=-2",
    note = "",
    livelinknumber = "SAT\_GEN\_PL\_3.0\_06\_MP\_30\_May\_2011",
    livelinkshortnumber = "{SATMP}"
}

@LiveLink{LL:SATSCMP,
    author = "Leon, I.",
    title = "SCIENCE ARCHIVE - SOFTWARE CONFIGURATION MANAGEMENT PLAN (SCMP)",
    institution = "European Space Astronomy Centre, Villafranca, Madrid",
    year = "2009",
    month = "November",
    url = "http://www.rssd.esa.int/llink/livelink/fetch/-415780/495310/1051419/Sw_Conf_Mng_Plan_v2-0.pdf?nodeid=2942288&vernum=-2",
    note = "",
    livelinknumber = "SAT\_GEN\_PL\_2.0\_01\_SCMP\_05112009",
    livelinkshortnumber = "{SATSCMP}"
}

@INPROCEEDINGS{LLGaiaStatus,
    author = "{Lindegren}, Lennart",
    editor = "{Klioner}, Sergei A. and {Seidelmann}, P. Kenneth and {Soffel}, Michael H.",
    title = "{Gaia: Astrometric performance and current status of the project}",
    keywords = "methods: data analysis, space vehicles: instruments, catalogs, surveys, astrometry, reference systems, stars: distances, stars: kinematics",
    booktitle = "Relativity in Fundamental Astronomy: Dynamics, Reference Frames, and Data Analysis",
    year = "2010",
    series = "IAU Symposium",
    volume = "261",
    month = "January",
    pages = "296-305",
    doi = "10.1017/S1743921309990548",
    adsurl = "https://ui.adsabs.harvard.edu/abs/2010IAUS..261..296L",
    adsnote = "Provided by the SAO/NASA Astrophysics Data System"
}

@TechReport{Lindegren1993,
    author = "Lindegren, Lennart and et al, Michael Perryman",
    title = "GAIA : Global Astrometric Interferometer for Astrophysics",
    institution = "Lund",
    year = "1993",
    month = "October",
    url = "http://www.astro.lu.se/%7Elennart/Astrometry/gaia_proposal.PDF"
}

@Misc{MPI,
    key = "MPI",
    title = "{MPI Documents}",
    url = "http://mpi-forum.org/docs/"
}

@Misc{MariaDB,
    key = "MariaDB",
    title = "{MariaDB -- Enterprise Open Source Database \& Data Warehouse}",
    url = "https://mariadb.com/"
}

@article{Melnik:2010:DIA:1920841.1920886,
    author = "Melnik, Sergey and Gubarev, Andrey and Long, Jing Jing and Romer, Geoffrey and Shivakumar, Shiva and Tolton, Matt and Vassilakis, Theo",
    title = "Dremel: Interactive Analysis of Web-scale Datasets",
    journal = "Proc. VLDB Endow.",
    issue_date = "September 2010",
    volume = "3",
    number = "1-2",
    month = "September",
    year = "2010",
    issn = "2150-8097",
    pages = "330--339",
    numpages = "10",
    doi = "10.14778/1920841.1920886",
    acmid = "1920886",
    publisher = "VLDB Endowment"
}

@misc{Monash:2009:ebay,
    author = "Monash, Curt",
    title = "{eBay's two enormous data warehouses}",
    year = "2009",
    month = "April",
    url = "http://www.dbms2.com/2009/04/30/ebays-two-enormous-data-warehouses/"
}

@misc{Monash:2009:teradata,
    author = "Monash, Curt",
    title = "{Teradata and Netezza are doing MapReduce too}",
    year = "2009",
    month = "September",
    url = "http://www.dbms2.com/2009/09/03/teradata-and-netezza-are-doing-mapreduce-too/"
}

@misc{Monash:2010:ebay,
    author = "Monash, Curt",
    title = "{eBay followup ‚Äî Greenplum out, Teradata > 10 petabytes, Hadoop has some value, and more}",
    year = "2010",
    month = "October",
    url = "http://www.dbms2.com/2010/10/06/ebay-followup-greenplum-out-teradata-10-petabytes-hadoop-has-some-value-and-more/"
}

@MISC{NETSEC,
    author = "Directorate, National Security Agency Cybersecurity",
    publisher = "National Security Agency",
    title = "Network Infrastructure Security Guidance",
    month = "mar",
    year = "2022",
    handle = "PP-22-0266",
    url = "https://media.defense.gov/2022/Mar/01/2002947139/-1/-1/0/CTR_NSA_NETWORK_INFRASTRUCTURE_SECURITY_GUIDANCE_20220301.PDF"
}

@TechReport{NGST.BRDF.Lallo,
    author = "{{Lallo}, M. and {Petro}, L.}",
    year = "1999",
    title = "Bidirectional reflectance distribution function for the NGST mirrors",
    institution = "Space Telescope Science Institute",
    month = "February"
}

@MISC{NIST.SP.800-171,
    author = "Ross, Ron and Pillitteri, Victoria",
    publisher = "National Institute of Standards and Technology",
    title = "Special Publication 800-171, Protecting Controlled Unclassified Information in Nonfederal Systems and Organizations",
    month = "May",
    year = "2024",
    handle = "NIST.SP.800-171r3",
    url = "https://doi.org/10.6028/NIST.SP.800-171r3"
}

@MISC{NIST.SP.800-171r2,
    author = "ROSS, RON and VISCUSO, PATRICK and GUISSANIE, GARY and DEMPSEY, KELLEY and RIDDLE, MARK",
    publisher = "National Institute of Standards and Technology",
    title = "Special Publication 800-171, Protecting Controlled Unclassified Information in Nonfederal Systems and Organizations",
    month = "feb",
    year = "2020",
    handle = "NIST.SP.800-171r2",
    url = "https://nvlpubs.nist.gov/nistpubs/SpecialPublications/NIST.SP.800-171r2.pdf"
}

@inproceedings{Nobari:2013:TIS:2463676.2463700,
    author = "Nobari, Sadegh and Tauheed, Farhan and Heinis, Thomas and Karras, Panagiotis and Bressan, St{\'e}phane and Ailamaki, Anastasia",
    title = "TOUCH: In-memory Spatial Join by Hierarchical Data-oriented Partitioning",
    booktitle = "Proceedings of the 2013 ACM SIGMOD International Conference on Management of Data",
    series = "SIGMOD '13",
    year = "2013",
    isbn = "978-1-4503-2037-5",
    location = "New York, New York, USA",
    pages = "701--712",
    numpages = "12",
    doi = "10.1145/2463676.2463700",
    acmid = "2463700",
    publisher = "ACM",
    address = "New York, NY, USA",
    keywords = "indexing, scalable algorithms, spatial joins, touch"
}

@TechReport{OMULLANE2005,
    author = "{O'Mullane}, William",
    institution = "University of Barcelona",
    note = "Treball GAIA-C1-ESAC-HA-WOM-003",
    title = "{Large Scientific Data Systems: analysis of some existing projects and their applicability to Gaia}",
    year = "2005",
    month = "September",
    url = "https://dms.cosmos.esa.int/COSMOS/doc_fetch.php?id=497678"
}

@Misc{OpenMP,
    key = "OpenMP",
    title = "{OpenMP}",
    url = "http://www.openmp.org/"
}

@Misc{Oracle,
    author = "Oracle",
    title = "{Oracle -- Database 12c}",
    url = "https://www.oracle.com/database/index.html"
}

@ARTICLE{Pankratius:7515118,
    author = "Pankratius, V. and Li, J. and Gowanlock, M. and Blair, D. M. and Rude, C. and Herring, T. and Lind, F. and Erickson, P. J. and Lonsdale, C.",
    journal = "IEEE Intelligent Systems",
    title = "Computer-Aided Discovery: Toward Scientific Insight Generation with Machine Support",
    year = "2016",
    volume = "31",
    number = "4",
    pages = "3-10",
    doi = "10.1109/MIS.2016.60",
    ISSN = "1541-1672",
    month = "July"
}

@inproceedings{Pavlo:2009:CAL:1559845.1559865,
    author = "Pavlo, Andrew and Paulson, Erik and Rasin, Alexander and Abadi, Daniel J. and DeWitt, David J. and Madden, Samuel and Stonebraker, Michael",
    title = "A Comparison of Approaches to Large-scale Data Analysis",
    booktitle = "Proceedings of the 2009 ACM SIGMOD International Conference on Management of Data",
    series = "SIGMOD '09",
    year = "2009",
    isbn = "978-1-60558-551-2",
    location = "Providence, Rhode Island, USA",
    pages = "165--178",
    numpages = "14",
    url = "http://doi.acm.org/10.1145/1559845.1559865",
    doi = "10.1145/1559845.1559865",
    acmid = "1559865",
    publisher = "ACM",
    address = "New York, NY, USA",
    keywords = "benchmarks, mapreduce, parallel database"
}

@Misc{Pegasus,
    key = "Pegasus",
    title = "{Pegasus WMS}",
    url = "https://pegasus.isi.edu/"
}

@misc{Peschka:2010:HBase,
    author = "Peschka, Jeremiah",
    title = "Facebook Messaging - HBase Comes of Age",
    month = "November",
    year = "2010",
    url = "https://web.archive.org/web/20110215081418/http://nosqlpedia.com/wiki/Facebook_Messaging_-_HBase_Comes_of_Age"
}

@article{Pike:2005:SP:962135,
    author = "Pike, Rob and Dorward, Sean and Griesemer, Robert and Quinlan, Sean",
    title = "Interpreting the Data: Parallel Analysis with Sawzall",
    journal = "Scientific Programming",
    pages = "277",
    volume = "13",
    year = "2005",
    doi = "10.1155/2005/962135"
}

@Misc{Quobyte,
    key = "Quobyte",
    title = "{Quobyte -- Data Center File System}",
    url = "https://www.quobyte.com/"
}

@MISC{REC-ADQL-2.0,
    author = "{Osuna}, Pedro and {Ortiz}, I{\textasciitilde n}aki and {Lusted}, Jeff and {Dowler}, Pat and {Szalay}, Alexander and {Shirasaki}, Yuji and {Nieto-Santisteban}, Maria A. and {Ohishi}, Masatoshi and {O'Mullane}, William and {VOQL-TEG Group} and {VOQL Working Group.}",
    title = "{IVOA Astronomical Data Query Language Version 2.00}",
    keywords = "Astrophysics - Instrumentation and Methods for Astrophysics",
    howpublished = "IVOA Recommendation 30 October 2008",
    year = "2008",
    month = "October",
    pages = "1030",
    doi = "10.5479/ADS/bib/2008ivoa.spec.1030O",
    archivePrefix = "arXiv",
    eprint = "1110.0503",
    primaryClass = "astro-ph.IM",
    adsurl = "https://ui.adsabs.harvard.edu/abs/2008ivoa.spec.1030O",
    adsnote = "Provided by the SAO/NASA Astrophysics Data System"
}

@TechReport{REC-SSO-1.01,
    author = "Rixon G., Graham M.",
    title = "Single-Sign-On Profile: Authentication Mechanisms",
    institution = "IVOA",
    year = "2008",
    month = "January",
    note = "REC-SSO-1.01"
}

@MISC{REC-TAP-1.0,
    author = "{Salgado}, Jes{\'u}s and {Ibarra}, Aitor and {Ehle}, Matthias and {Gabriel}, Carlos and {Kretschmar}, Peter and {Kuulkers}, Erik and {Mer{\'\i}n}, Bruno and {Ness}, Jan-Uwe and {Salazar}, Emilio and {Saxton}, Richard and {Cecconi}, Baptiste and {Foster}, Karl and {Demleitner}, Markus and {Dempsey}, James and {Molinaro}, Marco and {S{\'a}nchez}, Celia and {Taylor}, Mark and {D{\'\i}az Trigo}, Mar{\'\i}a and {Fern{\'a}ndez}, M{\'o}nica and {Kennea}, Jaime and {Kettenis}, Mark and {Matt}, Giorgio and {Osborne}, Julian and {de O{\textasciitilde n}a Wilhelmi}, Emma and {Salbol}, Edward J. and {Sivakoff}, Gregory and {Tao}, Lian and {Tohuvavohu}, Aaron and {Tibbetts}, Michael and {Workman}, Bill",
    title = "{Observation Locator Table Access Protocol Version 1.0}",
    howpublished = "IVOA Recommendation 24 July 2021",
    year = "2021",
    month = "July",
    pages = "724",
    doi = "10.5479/ADS/bib/2021ivoa.spec.0724S",
    adsurl = "https://ui.adsabs.harvard.edu/abs/2021ivoa.spec.0724S",
    adsnote = "Provided by the SAO/NASA Astrophysics Data System"
}

@MISC{REC-UWS-1.0,
    author = "{Harrison}, Paul and {Rixon}, Guy",
    title = "{Universal Worker Service Pattern Version 1.0}",
    keywords = "Astrophysics - Instrumentation and Methods for Astrophysics, Computer Science - Distributed, Parallel, and Cluster Computing",
    howpublished = "IVOA Recommendation 10 October 2010",
    year = "2010",
    month = "October",
    pages = "1010",
    doi = "10.5479/ADS/bib/2010ivoa.spec.1010H",
    archivePrefix = "arXiv",
    eprint = "1110.0510",
    primaryClass = "astro-ph.IM",
    adsurl = "https://ui.adsabs.harvard.edu/abs/2010ivoa.spec.1010H",
    adsnote = "Provided by the SAO/NASA Astrophysics Data System"
}

@MISC{REC-VOSpace-1.15,
    author = "{Graham}, Matthew and {Morris}, Dave and {Rixon}, Guy",
    title = "{VOSpace specification Version 1.15}",
    howpublished = "IVOA Recommendation 07 October 2009",
    year = "2009",
    month = "October",
    pages = "1007",
    doi = "10.5479/ADS/bib/2009ivoa.specQ1007G",
    adsurl = "https://ui.adsabs.harvard.edu/abs/2009ivoa.specQ1007G",
    adsnote = "Provided by the SAO/NASA Astrophysics Data System"
}

@MISC{REC-VOSpace-2.0,
    author = "{Graham}, Matthew and {Morris}, Dave and {Rixon}, Guy and {Dowler}, Pat and {Schaaff}, Andre and {Tody}, Doug",
    title = "{VOSpace specification Version 2.0}",
    keywords = "Astrophysics - Instrumentation and Methods for Astrophysics",
    howpublished = "IVOA Recommendation 29 March 2013",
    year = "2013",
    month = "March",
    pages = "329",
    doi = "10.5479/ADS/bib/2013ivoa.spec.0329G",
    archivePrefix = "arXiv",
    eprint = "1509.06049",
    primaryClass = "astro-ph.IM",
    adsurl = "https://ui.adsabs.harvard.edu/abs/2013ivoa.spec.0329G",
    adsnote = "Provided by the SAO/NASA Astrophysics Data System"
}

@Misc{RabbitMQ,
    key = "RabbitMQ",
    title = "{RabbitMQ -- Messaging that just works}",
    url = "https://www.rabbitmq.com/"
}

@Misc{Rucio,
    key = "Rucio",
    title = "{Rucio Distributed Data Management Documentation}",
    url = "http://rucio.cern.ch/"
}

@Misc{SQLServer,
    author = "Microsoft",
    title = "{Microsoft -- SQL Server 2016}",
    url = "https://www.microsoft.com/en-us/sql-server/sql-server-2016"
}

@INPROCEEDINGS{Schneider-2005:a,
    author = "{Schneider}, J.",
    editor = "{Turon}, C. and {O'Flaherty}, K. S. and {Perryman}, M. A. C.",
    title = "{Can the Perturbation of a Stellar Motion in a Triple System Mimic a Planet}",
    booktitle = "ESA SP-576: The Three-Dimensional Universe with Gaia",
    year = "2005",
    month = "January",
    pages = "263--266"
}

@misc{Schuman:2004:eWeek,
    author = "Schuman, Evan",
    title = "{At Wal-Mart, Worlds Largest Retail Data Warehouse Gets Even Larger}",
    year = "2004",
    month = "October",
    url = "http://www.eweek.com/enterprise-apps/at-wal-mart-worlds-largest-retail-data-warehouse-gets-even-larger"
}

@INPROCEEDINGS{Simmhan:2009:4755781,
    author = "Simmhan, Y. and Barga, R. and van Ingen, C. and Nieto-Santisteban, M. and Dobos, L. and Li, N. and Shipway, M. and Szalay, A. S. and Werner, S. and Heasley, J.",
    booktitle = "2009 42nd Hawaii International Conference on System Sciences",
    title = "GrayWulf: Scalable Software Architecture for Data Intensive Computing",
    year = "2009",
    pages = "1-10",
    keywords = "software architecture;Beowulf clusters;GrayWulf;Pan-STARRS system;cluster infrastructure software;parallel application design;petabyte data sets;Software architecture",
    doi = "10.1109/HICSS.2009.235",
    ISSN = "1530-1605",
    month = "January"
}

@inproceedings{Stonebraker:2005:CCD:1083592.1083658,
    author = "Stonebraker, Mike and Abadi, Daniel J. and Batkin, Adam and Chen, Xuedong and Cherniack, Mitch and Ferreira, Miguel and Lau, Edmond and Lin, Amerson and Madden, Sam and O'Neil, Elizabeth and O'Neil, Pat and Rasin, Alex and Tran, Nga and Zdonik, Stan",
    title = "C-store: A Column-oriented DBMS",
    booktitle = "Proceedings of the 31st International Conference on Very Large Data Bases",
    series = "VLDB '05",
    year = "2005",
    isbn = "1-59593-154-6",
    location = "Trondheim, Norway",
    pages = "553--564",
    numpages = "12",
    url = "http://dl.acm.org/citation.cfm?id=1083592.1083658",
    acmid = "1083658",
    publisher = "VLDB Endowment"
}

@techreport{Szalay:2008:Graywulf,
    author = "Szalay, Alex S. and Bell, Gordon and Vandenberg, Jad and Wonders, Alainna and Burns, Randal and Fay, Dan and Heasley, Jim and Hey, Tony and Nieto-SantiSteban, Maria and Thakar, Ani and Ingen, Catharine van and Wilton, Richard",
    title = "GrayWulf: Scalable Clustered Architecture for Data Intensive Computing",
    year = "2008",
    month = "September",
    number = "MSR-TR-2008-187",
    institution = "Microsoft",
    url = "https://www.microsoft.com/en-us/research/publication/graywulf-scalable-clustered-architecture-for-data-intensive-computing/"
}

@MISC{TCISSG,
    author = "Adams, Andrew and Avila, Kay and Heymann, Elisa and Krenz, Mark and Lee, Jason R. and Miller, Barton P. and Peisert, Sean",
    publisher = "The NSF Cybersecurity Center of Excellence",
    title = "Guide to Securing Scientific Software",
    month = "dec",
    year = "2021",
    url = "https://zenodo.org/record/5777646#.YfSEvmBlC3o"
}

@ARTICLE{Thain:2005:Condor,
    author = "Thain, Douglas and Tannenbaum, Todd and Livny, Miron",
    url = "https://research.cs.wisc.edu/htcondor/doc/condor-practice.pdf",
    title = "Distributed computing in practice: the Condor experience.",
    journal = "Concurrency - Practice and Experience",
    volume = "17",
    number = "2-4",
    year = "2005",
    pages = "323-356"
}

@misc{TokuDB:2013:White,
    author = "TokuTek",
    title = "{TokuDB: Scalable High Performance for MySQL and MariaDB Databases}",
    year = "2013",
    month = "April",
    url = "https://web.archive.org/web/20130819012209/http://www.tokutek.com/wp-content/uploads/2013/04/Tokutek-White-Paper.pdf"
}

@misc{Tommaney:2009:MySQLConf,
    author = "Tommaney, Jim",
    title = "Calpont: Open Source Columnar Storage Engine for Scalable MySQL",
    year = "2009",
    month = "April",
    url = "https://web.archive.org/web/20090429121116/http://www.mysqlconf.com/mysql2009/public/schedule/detail/8997"
}

@misc{Ulin:2013:Percona,
    author = "Ulin, Tomas",
    url = "https://www.youtube.com/watch?v=OpHTV59I1gs",
    title = "{Driving MySQL Innovation}",
    year = "2013",
    month = "April",
    howpublished = "Percona Live: MySQL Conference and Expo"
}

@INPROCEEDINGS{VanderPlas:6382200,
    author = "VanderPlas, J. and Connolly, A. J. and {Ivezi{\'c}}, {\v Z}. and Gray, A.",
    booktitle = "2012 Conference on Intelligent Data Understanding",
    title = "Introduction to astroML: Machine learning for astrophysics",
    year = "2012",
    pages = "47-54",
    doi = "10.1109/CIDU.2012.6382200",
    month = "October"
}

@misc{WS2CU6:extraction,
    author = "Cropper, M. and Rosen, S.R.",
    title = "Spectra Extraction",
    note = "{CU6 W}orkshop2",
    year = "2006",
    url = "http://wwwhip.obspm.fr/gaia/cu6/workshop_2/CU6_w2_Cropper_extraction.pdf"
}

@misc{WS2CU6:intro,
    author = "Katz, D.",
    title = "{G}aia - {RVS}: {DPAC} and {CU6}",
    note = "{CU6 W}orkshop2",
    year = "2006",
    url = "http://wwwhip.obspm.fr/gaia/cu6/workshop_2/CU6_w2_Katz_intro.pdf"
}

@Inproceedings{Waas:2009:97836420342207,
    author = "Waas, Florian M.",
    editor = "Castellanos, Malu and Dayal, Umesh and Sellis, Timos",
    title = "Beyond Conventional Data Warehousing --- Massively Parallel Data Processing with Greenplum Database",
    bookTitle = "Business Intelligence for the Real-Time Enterprise: Second International Workshop, BIRTE 2008, Auckland, New Zealand, August 24, 2008, Revised Selected Papers",
    year = "2009",
    publisher = "Springer Berlin Heidelberg",
    address = "Berlin, Heidelberg",
    pages = "89--96",
    abstract = "In this presentation we discuss trends and challenges for data warehousing beyond conventional application areas. In particular, we discuss how a massively parallel system like Greenplum Database can be used for MapReduce-like data processing.",
    isbn = "978-3-642-03422-0",
    doi = "10.1007/978-3-642-03422-0_7",
    url = "http://www.greenplum.com/resources/"
}

@inproceedings{Wang:2011:QDS:2063348.2063364,
    author = "Wang, Daniel L. and Monkewitz, Serge M. and Lim, Kian-Tat and Becla, Jacek",
    title = "Qserv: A Distributed Shared-nothing Database for the LSST Catalog",
    booktitle = "State of the Practice Reports",
    series = "SC '11",
    year = "2011",
    isbn = "978-1-4503-1139-7",
    location = "Seattle, Washington",
    pages = "12:1--12:11",
    articleno = "12",
    numpages = "11",
    doi = "10.1145/2063348.2063364",
    acmid = "2063364",
    publisher = "ACM",
    address = "New York, NY, USA",
    keywords = "MPP, database, distributed, file system, parallel, shared-nothing"
}

@Misc{YAML,
    key = "YAML",
    title = "{The Official YAML Web Site}",
    url = "http://yaml.org/"
}

@misc{Zicaro:2011:ODBMS,
    author = "Zicari, Roberto V.",
    title = "{Objects in Space}",
    year = "2011",
    month = "February",
    url = "http://www.odbms.org/blog/2011/02/objects-in-space/"
}

@ARTICLE{abell2009lsst,
    author = "{LSST Science Collaboration} and {Abell}, Paul A. and {Allison}, Julius and {Anderson}, Scott F. and {Andrew}, John R. and {Angel}, J. Roger P. and {Armus}, Lee and {Arnett}, David and {Asztalos}, S. J. and {Axelrod}, Tim S. and {Bailey}, Stephen and {Ballantyne}, D. R. and {Bankert}, Justin R. and {Barkhouse}, Wayne A. and {Barr}, Jeffrey D. and {Barrientos}, L. Felipe and {Barth}, Aaron J. and {Bartlett}, James G. and {Becker}, Andrew C. and {Becla}, Jacek and {Beers}, Timothy C. and {Bernstein}, Joseph P. and {Biswas}, Rahul and {Blanton}, Michael R. and {Bloom}, Joshua S. and {Bochanski}, John J. and {Boeshaar}, Pat and {Borne}, Kirk D. and {Bradac}, Marusa and {Brandt}, W. N. and {Bridge}, Carrie R. and {Brown}, Michael E. and {Brunner}, Robert J. and {Bullock}, James S. and {Burgasser}, Adam J. and {Burge}, James H. and {Burke}, David L. and {Cargile}, Phillip A. and {Chandrasekharan}, Srinivasan and {Chartas}, George and {Chesley}, Steven R. and {Chu}, You-Hua and {Cinabro}, David and {Claire}, Mark W. and {Claver}, Charles F. and {Clowe}, Douglas and {Connolly}, A. J. and {Cook}, Kem H. and {Cooke}, Jeff and {Cooray}, Asantha and {Covey}, Kevin R. and {Culliton}, Christopher S. and {de Jong}, Roelof and {de Vries}, Willem H. and {Debattista}, Victor P. and {Delgado}, Francisco and {Dell'Antonio}, Ian P. and {Dhital}, Saurav and {Di Stefano}, Rosanne and {Dickinson}, Mark and {Dilday}, Benjamin and {Djorgovski}, S. G. and {Dobler}, Gregory and {Donalek}, Ciro and {Dubois-Felsmann}, Gregory and {Durech}, Josef and {Eliasdottir}, Ardis and {Eracleous}, Michael and {Eyer}, Laurent and {Falco}, Emilio E. and {Fan}, Xiaohui and {Fassnacht}, Christopher D. and {Ferguson}, Harry C. and {Fernandez}, Yanga R. and {Fields}, Brian D. and {Finkbeiner}, Douglas and {Figueroa}, Eduardo E. and {Fox}, Derek B. and {Francke}, Harold and {Frank}, James S. and {Frieman}, Josh and {Fromenteau}, Sebastien and {Furqan}, Muhammad and {Galaz}, Gaspar and {Gal-Yam}, A. and {Garnavich}, Peter and {Gawiser}, Eric and {Geary}, John and {Gee}, Perry and {Gibson}, Robert R. and {Gilmore}, Kirk and {Grace}, Emily A. and {Green}, Richard F. and {Gressler}, William J. and {Grillmair}, Carl J. and {Habib}, Salman and {Haggerty}, J. S. and {Hamuy}, Mario and {Harris}, Alan W. and {Hawley}, Suzanne L. and {Heavens}, Alan F. and {Hebb}, Leslie and {Henry}, Todd J. and {Hileman}, Edward and {Hilton}, Eric J. and {Hoadley}, Keri and {Holberg}, J. B. and {Holman}, Matt J. and {Howell}, Steve B. and {Infante}, Leopoldo and {Ivezic}, Zeljko and {Jacoby}, Suzanne H. and {Jain}, Bhuvnesh and {R} and {Jedicke} and {Jee}, M. James and {Garrett Jernigan}, J. and {Jha}, Saurabh W. and {Johnston}, Kathryn V. and {Jones}, R. Lynne and {Juric}, Mario and {Kaasalainen}, Mikko and {Styliani} and {Kafka} and {Kahn}, Steven M. and {Kaib}, Nathan A. and {Kalirai}, Jason and {Kantor}, Jeff and {Kasliwal}, Mansi M. and {Keeton}, Charles R. and {Kessler}, Richard and {Knezevic}, Zoran and {Kowalski}, Adam and {Krabbendam}, Victor L. and {Krughoff}, K. Simon and {Kulkarni}, Shrinivas and {Kuhlman}, Stephen and {Lacy}, Mark and {Lepine}, Sebastien and {Liang}, Ming and {Lien}, Amy and {Lira}, Paulina and {Long}, Knox S. and {Lorenz}, Suzanne and {Lotz}, Jennifer M. and {Lupton}, R. H. and {Lutz}, Julie and {Macri}, Lucas M. and {Mahabal}, Ashish A. and {Mandelbaum}, Rachel and {Marshall}, Phil and {May}, Morgan and {McGehee}, Peregrine M. and {Meadows}, Brian T. and {Meert}, Alan and {Milani}, Andrea and {Miller}, Christopher J. and {Miller}, Michelle and {Mills}, David and {Minniti}, Dante and {Monet}, David and {Mukadam}, Anjum S. and {Nakar}, Ehud and {Neill}, Douglas R. and {Newman}, Jeffrey A. and {Nikolaev}, Sergei and {Nordby}, Martin and {O'Connor}, Paul and {Oguri}, Masamune and {Oliver}, John and {Olivier}, Scot S. and {Olsen}, Julia K. and {Olsen}, Knut and {Olszewski}, Edward W. and {Oluseyi}, Hakeem and {Padilla}, Nelson D. and {Parker}, Alex and {Pepper}, Joshua and {Peterson}, John R. and {Petry}, Catherine and {Pinto}, Philip A. and {Pizagno}, James L. and {Popescu}, Bogdan and {Prsa}, Andrej and {Radcka}, Veljko and {Raddick}, M. Jordan and {Rasmussen}, Andrew and {Rau}, Arne and {Rho}, Jeonghee and {Rhoads}, James E. and {Richards}, Gordon T. and {Ridgway}, Stephen T. and {Robertson}, Brant E. and {Roskar}, Rok and {Saha}, Abhijit and {Sarajedini}, Ata and {Scannapieco}, Evan and {Schalk}, Terry and {Schindler}, Rafe and {Schmidt}, Samuel",
    title = "{LSST Science Book, Version 2.0}",
    journal = "arXiv e-prints",
    keywords = "Astrophysics - Instrumentation and Methods for Astrophysics, Astrophysics - Cosmology and Extragalactic Astrophysics, Astrophysics - Earth and Planetary Astrophysics, Astrophysics - Galaxy Astrophysics, Astrophysics - Solar and Stellar Astrophysics",
    year = "2009",
    month = "December",
    eid = "arXiv:0912.0201",
    pages = "arXiv:0912.0201",
    doi = "10.48550/arXiv.0912.0201",
    archivePrefix = "arXiv",
    eprint = "0912.0201",
    primaryClass = "astro-ph.IM",
    adsurl = "https://ui.adsabs.harvard.edu/abs/2009arXiv0912.0201L",
    adsnote = "Provided by the SAO/NASA Astrophysics Data System"
}

@INPROCEEDINGS{bbcp,
    author = "Hanushevsky, Andrew and Trunov, Artem and Cottrell, Les",
    title = "Peer-to-Peer Computing for Secure High Performance Data Copying",
    booktitle = "In Proc. of the 2001 Int. Conf. on Computing in High Energy and Nuclear Physics (CHEP 2001), Beijng",
    year = "2001",
    url = "http://citeseerx.ist.psu.edu/viewdoc/download?doi=10.1.1.132.2288&rep=rep1"
}

@ARTICLE{bucc1,
    author = "{Bucciarelli}, B. and {Taff}, L. G. and {Lattanzi}, M. G.",
    title = "{A generalization of the moving mean}",
    year = "1993",
    journal = "J. Statist. Comput. Simul.",
    volume = "48",
    pages = "29"
}

@misc{c1962method,
    author = "Hough, Paul V. C.",
    title = "Method and means for recognizing complex patterns",
    url = "https://www.google.com/patents/US3069654",
    year = "1962",
    publisher = "Google Patents",
    note = "US Patent 3,069,654"
}

@TechReport{ccsds:packettelemetry,
    author = "Unknown",
    title = "Packet Telemetry, {B}lue {B}ook",
    institution = "Consultative Committee for Space Data Systems",
    year = "2000",
    month = "November",
    note = "CCSDS 102.0-B-5, {\tt http://www.ccsds.org/documents/102x0b5.pdf}"
}

@TechReport{ccsds:timecodeformats,
    author = "Unknown",
    title = "Time Code Formats, {B}lue {B}ook",
    institution = "Consultative Committee for Space Data Systems",
    year = "2002",
    month = "January",
    note = "CCSDS 301.0-B-3, {\tt http://www.ccsds.org/documents/301x0b3.pdf}"
}

@TechReport{ccsds:tmchannelcoding,
    author = "Unknown",
    title = "Telemetry Channel Coding, {B}lue {Book}",
    institution = "Consultative Committee for Space Data Systems",
    year = "2002",
    month = "October",
    note = "CCSDS 101.0-B-6, {\tt http://www.ccsds.org/documents/101x0b6.pdf}"
}

@TechReport{ccsds:tmconcept,
    author = "Unknown",
    title = "Telemetry Summary of Concept and Rationale, {G}reen {Book}",
    institution = "Consultative Committee for Space Data Systems",
    year = "1987",
    month = "December",
    note = "CCSDS 100.0-G-1, {\tt http://www.ccsds.org/documents/100x0g1.pdf}"
}

@LiveLink{cnes:sec,
    author = "Valadier, Jean-Charles",
    title = "Etude de risque EBIOS du systme CNES-DPC (Limited distribution)",
    institution = "CNES",
    year = "2008",
    month = "February",
    livelinknumber = "Gaia-NT-32000-115-CNES",
    livelinkshortnumber = "Gaia-NT-32000-115-CNES"
}

@TechReport{compressoracle10g,
    author = "Oracle",
    title = "Data Compression in 10g",
    institution = "Oracle Corporation",
    year = "2005",
    month = "May",
    url = "http://www.oracle.com/technology/products/bi/db/10g/pdf/twp_data_compression_10gr2_0505.pdf"
}

@TechReport{compressoracle11g,
    author = "Oracle",
    title = "Data Compression in 11g",
    institution = "Oracle Corporation",
    year = "2007",
    month = "May",
    url = "http://download.oracle.com/docs/cd/B28359_01/server.111/b28318/schema.htm#CNCPT1132"
}

@ARTICLE{conf:casjobs,
    author = "{OMullane}, William and {Li}, Nolan and {Nieto-Santisteban}, Maria and {Szalay}, Alex and {Thakar}, Ani and {Gray}, Jim",
    title = "{Batch is back: CasJobs, serving multi-TB data on the Web}",
    journal = "arXiv e-prints",
    keywords = "Computer Science - Distributed, Parallel, and Cluster Computing, Computer Science - Databases",
    year = "2005",
    month = "February",
    eid = "cs/0502072",
    pages = "cs/0502072",
    doi = "10.48550/arXiv.cs/0502072",
    archivePrefix = "arXiv",
    eprint = "cs/0502072",
    primaryClass = "cs.DC",
    adsurl = "https://ui.adsabs.harvard.edu/abs/2005cs........2072O",
    adsnote = "Provided by the SAO/NASA Astrophysics Data System"
}

@INPROCEEDINGS{conf:monterosa,
    author = "{Ansari}, S. G. and {Torra}, J. and {Luri}, X. and {Figueras}, F. and {Jordi}, C. and {Masana}, E.",
    editor = "{Munari}, Ulisse",
    title = "{The GAIA data access and analysis study}",
    booktitle = "GAIA Spectroscopy: Science and Technology",
    year = "2003",
    series = "Astronomical Society of the Pacific Conference Series",
    volume = "298",
    month = "January",
    pages = "97",
    adsurl = "https://ui.adsabs.harvard.edu/abs/2003ASPC..298...97A",
    adsnote = "Provided by the SAO/NASA Astrophysics Data System"
}

@PHDTHESIS{crosta03,
    author = "{Crosta}, Maria Teresa",
    title = "{Methods of relativistic astrometry for the analysis of astrometric data in the gravitational field of the Solar System}",
    keywords = "ESA GAIA",
    school = "Torino/Padova, Italy",
    year = "2003",
    month = "January",
    adsurl = "https://ui.adsabs.harvard.edu/abs/2003PhDT.......268C",
    adsnote = "Provided by the SAO/NASA Astrophysics Data System"
}

@ARTICLE{doi:10.1002/2013JD020914,
    author = "{Ziemke}, J. R. and {Olsen}, M. A. and {Witte}, J. C. and {Douglass}, A. R. and {Strahan}, S. E. and {Wargan}, K. and {Liu}, X. and {Schoeberl}, M. R. and {Yang}, K. and {Kaplan}, T. B. and {Pawson}, S. and {Duncan}, B. N. and {Newman}, P. A. and {Bhartia}, P. K. and {Heney}, M. K.",
    title = "{Assessment and applications of NASA ozone data products derived from Aura OMI/MLS satellite measurements in context of the GMI chemical transport model}",
    journal = "Journal of Geophysical Research (Atmospheres)",
    keywords = "ozone",
    year = "2014",
    month = "May",
    volume = "119",
    number = "9",
    pages = "5671-5699",
    doi = "10.1002/2013JD020914",
    adsurl = "https://ui.adsabs.harvard.edu/abs/2014JGRD..119.5671Z",
    adsnote = "Provided by the SAO/NASA Astrophysics Data System"
}

@INPROCEEDINGS{doi:10.1117/12.2233380,
    author = "{Kantor}, Jeffrey and {Long}, Kevin and {Becla}, Jacek and {Economou}, Frossie and {Gelman}, Margaret and {Juric}, Mario and {Lambert}, Ron and {Krughoff}, Simon and {Swinbank}, John D. and {Wu}, Xiuqin",
    editor = "{Angeli}, George Z. and {Dierickx}, Philippe",
    title = "{Agile software development in an earned value world: a survival guide}",
    booktitle = "Modeling, Systems Engineering, and Project Management for Astronomy VI",
    year = "2016",
    series = "Society of Photo-Optical Instrumentation Engineers (SPIE) Conference Series",
    volume = "9911",
    month = "August",
    eid = "99110N",
    pages = "99110N",
    doi = "10.1117/12.2233380",
    adsurl = "https://ui.adsabs.harvard.edu/abs/2016SPIE.9911E..0NK",
    adsnote = "Provided by the SAO/NASA Astrophysics Data System"
}

@INPROCEEDINGS{doi:10.1117/12.2233619,
    author = "{Vagg}, Daniel and {O'Callaghan}, Derek and {O'H{\'o}g{\'a}in}, Fionn and {McBreen}, Sheila and {Hanlon}, Lorraine and {Lynn}, David and {O'Mullane}, William",
    editor = "{Chiozzi}, Gianluca and {Guzman}, Juan C.",
    title = "{GAVIP: a platform for Gaia data analysis}",
    keywords = "Astrophysics - Instrumentation and Methods for Astrophysics",
    booktitle = "Software and Cyberinfrastructure for Astronomy IV",
    year = "2016",
    series = "Society of Photo-Optical Instrumentation Engineers (SPIE) Conference Series",
    volume = "9913",
    month = "July",
    eid = "99131V",
    pages = "99131V",
    doi = "10.1117/12.2233619",
    archivePrefix = "arXiv",
    eprint = "1605.09287",
    primaryClass = "astro-ph.IM",
    adsurl = "https://ui.adsabs.harvard.edu/abs/2016SPIE.9913E..1VV",
    adsnote = "Provided by the SAO/NASA Astrophysics Data System"
}

@article{doi:10.1175/JCLI-D-16-0609.1,
    author = "Randles, C. A. and da Silva, A. M. and Buchard, V. and Colarco, P. R. and Darmenov, A. and Govindaraju, R. and Smirnov, A. and Holben, B. and Ferrare, R. and Hair, J. and Shinozuka, Y. and Flynn, C. J.",
    title = "The MERRA-2 Aerosol Reanalysis, 1980 Onward. Part I: System Description and Data Assimilation Evaluation",
    journal = "Journal of Climate",
    volume = "30",
    number = "17",
    pages = "6823--6850",
    year = "2017",
    doi = "10.1175/JCLI-D-16-0609.1",
    URL = "https://doi.org/10.1175/JCLI-D-16-0609.1",
    eprint = "https://doi.org/10.1175/JCLI-D-16-0609.1"
}

@LiveLink{ecss:costschedule,
    author = "{ESA Publications Division}",
    title = "{S}pace project management - {C}ost and schedule management",
    institution = "{E}uropean {C}ooperation for {S}pace {S}tandardization",
    year = "2008",
    month = "July",
    livelinknumber = "ECSS-M-ST-60C",
    livelinkshortnumber = "ECSS-M-ST-60C"
}

@LiveLink{ecss:docreq,
    author = "{ESA Publications Division}",
    title = "{S}pace enginneering - {S}oftware - {P}art 2: {D}ocument {R}equirements {D}efinitions",
    institution = "{E}uropean {C}ooperation for {S}pace {S}tandardization",
    year = "2005",
    month = "March",
    livelinknumber = "ECSS-E-40 Part 2B",
    livelinkshortnumber = "ECSS-E-40-2B"
}

@LiveLink{ecss:e10,
    author = "{ESA Publications Division}",
    title = "{F}unctional and {T}echnical {S}pecifications",
    institution = "{E}uropean {C}ooperation for {S}pace {S}tandardization",
    year = "2003",
    month = "June",
    livelinknumber = "ECSS-E-10 part 6a",
    livelinkshortnumber = "ECSS-E-10-6a"
}

@LiveLink{ecss:organizationandconductofreviews,
    author = "{ESA Publications Division}",
    title = "{O}rganization and {C}onduct of {R}eviews",
    institution = "{E}uropean {C}ooperation for {S}pace {S}tandardization",
    year = "1999",
    month = "September",
    livelinknumber = "ECSS-M-30-01A",
    livelinkshortnumber = "ECSS-M-30-01A"
}

@LiveLink{ecss:pa,
    author = "{ESA Publications Division}",
    title = "{S}oftware {P}roduct {A}ssurance",
    institution = "{E}uropean {C}ooperation for {S}pace {S}tandardization",
    year = "2003",
    month = "June",
    livelinknumber = "ECSS-Q-80B",
    livelinkshortnumber = "ECSS-Q-80B"
}

@LiveLink{ecss:planimplement,
    author = "{ESA Publications Division}",
    title = "{S}pace project management - {P}roject planning and implementation",
    institution = "{E}uropean {C}ooperation for {S}pace {S}tandardization",
    year = "2008",
    month = "July",
    livelinknumber = "ECSS-M-ST-10C",
    livelinkshortnumber = "ECSS-M-ST-10C"
}

@LiveLink{ecss:projectbs,
    author = "{ESA Publications Division}",
    title = "{P}roject {B}reakdown {S}tructures",
    institution = "{E}uropean {C}ooperation for {S}pace {S}tandardization",
    year = "2003",
    month = "June",
    livelinknumber = "ECSS-M-10B",
    livelinkshortnumber = "ECSS-M-10B"
}

@LiveLink{ecss:projectorg,
    author = "{ESA Publications Division}",
    title = "{P}roject {O}rganisation",
    institution = "{E}uropean {C}ooperation for {S}pace {S}tandardization",
    year = "2003",
    month = "June",
    livelinknumber = "ECSS-M-20B",
    livelinkshortnumber = "ECSS-M-20B"
}

@LiveLink{ecss:projectphaseplan,
    author = "{ESA Publications Division}",
    title = "{P}roject {P}hasing and {P}lanning",
    institution = "{E}uropean {C}ooperation for {S}pace {S}tandardization",
    year = "2003",
    month = "June",
    livelinknumber = "ECSS-M-30B",
    livelinkshortnumber = "ECSS-M-30B"
}

@LiveLink{ecss:spmdoc,
    author = "{ESA Publications Division}",
    title = "{S}pace {P}roject {M}anagent - configuration management",
    institution = "{E}uropean {C}ooperation for {S}pace {S}tandardization",
    year = "2003",
    month = "June",
    livelinknumber = "ECSS-M-40B",
    livelinkshortnumber = "ECSS-M-40B"
}

@LiveLink{ecss:spmdoc50B,
    author = "{ESA Publications Division}",
    title = "{S}pace {P}roject {M}anagent - information/documentation management",
    institution = "{E}uropean {C}ooperation for {S}pace {S}tandardization",
    year = "2003",
    month = "June",
    livelinknumber = "ECSS-M-50B Draft 8",
    livelinkshortnumber = "ECSS-M-50B"
}

@LiveLink{ecss:swreq,
    author = "{ESA Publications Division}",
    title = "{S}pace enginneering - {S}oftware - {P}art 1: {P}rinciples and requirements",
    institution = "{E}uropean {C}ooperation for {S}pace {S}tandardization",
    year = "2003",
    month = "November",
    livelinknumber = "ECSS-E-40 Part 1B",
    livelinkshortnumber = "ECSS-E-40-1B"
}

@LiveLink{ecss:tailoring,
    author = "{ESA Publications Division}",
    title = "{P}roject {O}rganisation",
    institution = "{E}uropean {C}ooperation for {S}pace {S}tandardization",
    year = "2000",
    month = "April",
    livelinknumber = "ECSS-M-00-02A",
    livelinkshortnumber = "ECSS-M-00-02A"
}

@TechReport{esa:javastandard,
    author = "{for Software Standarisation, ESA Board and Control}",
    title = "Java Coding Standards",
    institution = "ESA",
    year = "2004",
    url = "http://www.rssd.esa.int/llink/livelink/Java_coding_standards.pdf?func=doc.Fetch&nodeId=504569&docTitle=Java+coding+standards&vernum=1"
}

@LiveLink{esa:sec,
    author = "Krall, Christoph",
    title = "IMPLEMENTATION OF THE ESA NETWORK SECURITY POLICY",
    institution = "{E}uropean {S}pace {A}gency",
    year = "2004",
    month = "September",
    livelinknumber = "EISD-EPNS-00003",
    livelinkshortnumber = "EISD-EPNS-00003"
}

@TechReport{esa:sogs,
    author = "Texier, D.",
    title = "Note on Science Operations Ground Segment Documentation",
    institution = "ESA",
    year = "2005",
    note = "SOGS-TN-ESAC-DT-001"
}

@TechReport{esoc:sgicdvol1,
    author = "Furnell, R.",
    title = "{G}aia {S}pace/{G}round {I}nterface {C}ontrol {D}ocument {V}olume 1: {RF} {I}nterface",
    institution = "ESA/ESOC",
    year = "2005",
    month = "April",
    note = "GAIA-ESC-ICD-515"
}

@TechReport{esoc:sgicdvol2,
    author = "Furnell, R.",
    title = "{G}aia {S}pace/{G}round {I}nterface {C}ontrol {D}ocument {V}olume 2: {G}eneric {P}acket {S}tructure",
    institution = "ESA/ESOC",
    year = "2005",
    month = "April",
    note = "GAIA-ESC-ICD-516"
}

@PHDTHESIS{eyer1998,
    author = "{Eyer}, Laurent",
    title = "{Les {\'e}toiles variables de la mission HIPPARCOSLes {\'e}toiles variables de la mission HIPPARCOSThe variable stars of the HIPPARCOS mission;}",
    school = "University of Geneva, Switzerland",
    year = "1998",
    month = "January",
    adsurl = "https://ui.adsabs.harvard.edu/abs/1998PhDT.........8E",
    adsnote = "Provided by the SAO/NASA Astrophysics Data System"
}

@TechReport{gaia:AstroFPAGenDesign,
    author = "team, Astrium GAIA FPA",
    title = "{GAIA} {CCD} and {F}ocal {P}lan {T}echnology {D}emonstrators: {ASTRO} {FPA} {G}eneral {D}esign {Description}",
    institution = "EADS/Astrium",
    year = "2003",
    month = "December",
    note = "GAIAFPA.NT.00120.T.ASTR"
}

@Misc{gaia:DATATAG,
    key = "DataTag",
    title = "DataTag, Research \& technological development for a Data TransAtlantic Grid, http://datatag.web.cern.ch/datatag/project.html",
    text = "DataTag, Research \& technological development for a Data TransAtlantic Grid, http://datatag.web.cern.ch/datatag/project.html",
    url = "http://datatag.web.cern.ch/datatag/project.html"
}

@Misc{gaia:GRIDFTP,
    key = "GRIDFTP",
    title = "Universal Data Transfer for the Grid, http://www-fp.globus.org/datagrid/deliverables/C2WPdraft3.pdf",
    text = "Universal Data Transfer for the Grid, http://www-fp.globus.org/datagrid/deliverables/C2WPdraft3.pdf",
    year = "2005",
    month = "September",
    url = "http://www-fp.globus.org/datagrid/deliverables/C2WPdraft3.pdf"
}

@TechReport{gaia:NOSTFITS,
    author = "{NASA/Science Office of Standards and Technology}",
    title = "{Definition of the Flexible Image Transport System (FITS)}",
    institution = "NASA/NOST",
    year = "1995",
    number = "NOST 100-1.1",
    month = "September"
}

@Article{gaia:UDTICD,
    author = "Grossman, R. and Gu, Y. and Hong, X. and Antony, A. and Blom, J. and Dijkstra, F. and de Laat, C.",
    title = "Teraflows over Gigabit WANs with UDT",
    journal = "Future Generation Computer Systems",
    doi = "10.1016/j.future.2004.10.007",
    year = "2004",
    pages = "501",
    volume = "21"
}

@Misc{gaia:acronyms,
    key = "Gaia Acronyms",
    note = "{G}aia {A}cronyms {L}ist",
    url = "http://www.rssd.esa.int/Ageneral/Projects/GAIA/paramdb/glossary.txt"
}

@TechReport{gaia:astriumdefstudy,
    author = "team, EADS Astrium Gaia",
    title = "{GAIA} {D}efinition {S}tudy",
    institution = "EADS/Astrium",
    year = "2005",
    month = "June",
    note = "Final Presentation, Noordwijk, June 8, 2005"
}

@TechReport{gaia:astriumreass,
    author = "project team, Astrium SLTRS",
    title = "{G}aia {S}ystem {L}evel {T}echnical {R}eassessment {S}tudy",
    institution = "EADS Astrium",
    year = "2002",
    month = "June",
    note = "EF5/FR/PC/038.02"
}

@TechReport{gaia:bprpoptimization,
    author = "Jordi, C. and H{\o}g, E. and Brown, A. G. A. and de Bruijne, J.",
    title = "Gaia spectrophometers: optimization study",
    year = "2006",
    month = "April",
    institution = "ESA",
    note = "GAIA-CH-TN-UB-CJ-037"
}

@TechReport{gaia:crema,
    author = "Hechler, M.",
    title = "{G}AIA {C}onsolidated {R}eport on {M}ission {A}nalysis {(CReMA)}",
    institution = "ESA, European Space Operations Cenre",
    year = "2006",
    month = "March",
    note = "GAIA-ESC-RP-0001, Issue 2.0"
}

@TechReport{gaia:e2vccddesignreport,
    author = "Burt, D.",
    title = "Gaia {T}echnology {D}emonstrator: {AF} {CCD} {DESIGN} {REPORT}",
    institution = "e2v",
    year = "2003",
    month = "January",
    note = "GAIA-E2V-RP-020"
}

@Misc{gaia:elevreductcalc,
    author = "Lammers, U.",
    note = "unpublished results - see also \url{http://www.rssd.esa.int/\-GAIA/\-PoW\_ground\_station\_visibility.html}"
}

@Misc{gaia:elevreductesoc,
    author = "Hechler, M.",
    note = "ESOC, private communication",
    month = "April",
    year = "2004"
}

@Misc{gaia:fmphaseangleopt,
    author = "Mignard, F.",
    note = "Observatoire de la C\^{o}te D'Azur/CERGA, private communication",
    month = "May",
    year = "2004"
}

@InProceedings{gaia:gaiagrid,
    author = "Ansari, S. G. and Lammers, U. and ter Linden, M.",
    title = "GaiaGrid : Its Implications and Implementation",
    year = "2005",
    booktitle = "Proc. Astronomical Data Analysis Software and Systems XIV",
    volume = "347",
    pages = "429--",
    publisher = "Astronomical Society of the Pacific"
}

@TechReport{gaia:horizon2000,
    author = "Lindegren, L. and Perryman, M. A. C. and Bastian, U. and Dainty, J. C. and H{\o}g, E. and van Leeuwen, F. and Kovalevsky, J. and Labeyrie, A. and Mignard, F. and Noordam, J. E. and Poole, R. S. Le and Thejll, P. and Vakili, F.",
    title = "GAIA: Global Astrometric Interferometer for Astrophysics",
    institution = "Lund Observatory",
    year = "1993",
    month = "October",
    note = "Response to Call for Mission Concepts for Horizon 2000 Follow UP: Proposal for an astrometric interferometer as an ESA Cornerstone Mission"
}

@TechReport{gaia:interfero,
    author = "Lindegren, L. and Perryman, M. A. C.",
    title = "A Small Interferometer in Space for Global Astrometry: the Gaia Concept",
    institution = "Lund Observatory",
    year = "1994",
    month = "August",
    note = "IAU Symp. No 166, Astronomical and Astrophysical Objectives of sub-milliarcsecon Optical Astronomy, The Hague, 15--19 August 1994"
}

@Misc{gaia:joscarmepriv,
    author = "de Bruijne, J. and Jordi, C.",
    note = "private communication",
    year = "2004",
    month = "May",
    url = "http://gaia.am.ub.es/PWG/common/instrumGAIA2.html"
}

@Misc{gaia:jospriv,
    author = "de Bruijne, J.",
    note = "private communication",
    year = "2004",
    month = "May"
}

@Misc{gaia:lattanzipriv,
    author = "Lattanzi, M. and Drimmel, R.",
    note = "private communcation",
    year = "2003",
    month = "October"
}

@TechReport{gaia:llorbit,
    author = "Mignard, F.",
    title = "{C}onsiderations on the orbit of {G}aia for simulations",
    institution = "Observatoire de la C\^{o}te D'Azur/CERGA",
    year = "2002",
    month = "March",
    note = "GAIA-FM-011"
}

@TechReport{gaia:mird,
    author = "Team, {GAIA} Project",
    title = "{Gaia} {M}ission {I}mplementation {R}equirement {D}ocument",
    year = "2006",
    month = "May",
    institution = "ESA",
    note = "{G}AIA-EST-RQ-00457"
}

@Misc{gaia:nu0opt,
    author = "Lammers, U.",
    note = "unpublished results"
}

@Misc{gaia:pdbonline,
    key = "GPD",
    note = "{G}aia {P}arameter {D}atabase",
    url = "http://www.rssd.esa.int/Gaia/paramdb"
}

@TechReport{gaia:practscanlaw,
    author = "Mignard, F.",
    title = "A practical scanning law for {GAIA} simulations",
    institution = "CERGA",
    year = "2001",
    month = "December",
    note = "GAIA-FM-010"
}

@TechReport{gaia:soderhjelm,
    author = "Soderhjelm, S.",
    title = "Theoretical modelling of observational double-star distribution functions.",
    institution = "ESA",
    year = "2004",
    note = "DMS-SS-05"
}

@TechReport{gaia:spieconf,
    author = "Lindegren, L. and Perryman, M. A. C. and Bastian, U. and Dainty, J. C. and H{\o}g, E. and van Leeuwen, F. and Kovalevsky, J. and Labeyrie, A. and Loiseau, S.\textasciitilde and Mignard, F. and Noordam, J. E. and Poole, R. S. Le and Thejll, P. and Vakili, F.",
    title = "GAIA: Global Astrometric Interferometer for Astrophysics",
    institution = "Lund Observatory",
    year = "1994",
    month = "March",
    note = "Proc. of Astronomical Telescopes and Instrumentation for the 21st Century. Technical Conference 2200, SPIE Symposium in Kona, 13--18 March 1994"
}

@TechReport{gaia:srd,
    author = "Colangelo, G.",
    title = "{G}aia {S}ystem {R}equirements {D}ocument for {T}echnical {A}ssistance \& {D}efinition {P}hase",
    institution = "ESA",
    year = "2004",
    month = "March",
    note = "Gaia-SRC-001, Issue 1.0"
}

@Misc{gaia:ssmobjattribs,
    author = "Arenou, F. and Ch\'ereau, F.",
    note = "private communication"
}

@TechReport{gaia:studyreport,
    author = "ESA",
    title = "{GAIA --- {C}omposition, {F}ormation and {E}volution of the {G}alaxy}",
    year = "2000",
    month = "July",
    institution = "ESA",
    note = "Concept and Technology Study Report, ESA-SCI(2000)4"
}

@TechReport{gaia:surveycom,
    author = "Lindegren, L. and Perryman, M. A. C.",
    title = "GAIA: Global Astrometric Interferometer for Astrophysics",
    institution = "Lund Observatory",
    year = "1994",
    month = "September",
    note = "Supplementary Information Submitted to the Horizon2000+ Survey Committee"
}

@TechReport{gaia:toolbox,
    author = "Angeli, F. De",
    title = "The {G}aia {S}oftware {T}oolbox - {U}ser guide",
    institution = "IoA",
    year = "2005",
    url = "http://www.rssd.esa.int/SA-general/Projects/GAIA/wiki/index.php?title=CU1:_GaiaTools"
}

@TechReport{gaia:ttcanal,
    author = "Fernandez, M. Martinez",
    title = "{G}aia {TT\&C} {S}ubsystem {A}nalysis",
    year = "2005",
    month = "January",
    institution = "ESA",
    note = "Note prepared at request of Project team"
}

@misc{gdaas:algoicd,
    author = "Ansari, S. and Torra, J. and L\'opez, P. P. and Luri, X. and Serraller, I. and Balague, Y.",
    title = "{A}lgorithm {I}nterface {C}ontrol {D}ocument",
    institution = "Confiuration Control Board",
    note = "CCB-GDAAS-ICD-001"
}

@misc{gdaas:algoprep,
    author = "Fabricius, C. and Torra, J.",
    title = "{GDAAS} {A}lgorithm {P}reparation {G}uidelines",
    institution = "GDAAS Configuration Conrol Board",
    note = "CCB-GDAAS-002"
}

@TechReport{gdaas:giscalib,
    author = "Lenhardt, H.",
    title = "{GIS} implementation in {GDAAS2}: {D}etailed {G}eometrical {C}alibration",
    institution = "ARI",
    year = "2003",
    month = "November",
    note = "GAIA-ARI-HL-001"
}

@TechReport{gdaas:gnucodingstd,
    author = "Stallman, R.",
    title = "{GNU} {C}oding {Standards}",
    institution = "GNU",
    year = "2001",
    month = "March"
}

@TechReport{gdaas:javacodingstd,
    author = "L\'opez, P. P. and Luri, X. and Serraller, I.",
    title = "{J}ava {C}ode {C}onventions",
    institution = "GMV/UB",
    year = "2003",
    month = "March",
    note = "GMV-GDAAS2-SCG-004"
}

@TechReport{gdaas:prototypepaper,
    author = "O'Mullane, W. and Lindegren, L.",
    title = "{A}n {O}bject-{O}riented {F}ramework for {GAIA} {D}ata {P}rocessing",
    institution = "ESA",
    year = "1999"
}

@ARTICLE{gor05,
    author = "{G{\'o}rski}, K. M. and {Hivon}, E. and {Banday}, A. J. and {Wandelt}, B. D. and {Hansen}, F. K. and {Reinecke}, M. and {Bartelmann}, M.",
    title = "{HEALPix: A Framework for High-Resolution Discretization and Fast Analysis of Data Distributed on the Sphere}",
    journal = "\apj",
    keywords = "Cosmology: Cosmic Microwave Background, Cosmology: Observations, Methods: Statistical, Astrophysics",
    year = "2005",
    month = "April",
    volume = "622",
    number = "2",
    pages = "759-771",
    doi = "10.1086/427976",
    archivePrefix = "arXiv",
    eprint = "astro-ph/0409513",
    primaryClass = "astro-ph",
    adsurl = "https://ui.adsabs.harvard.edu/abs/2005ApJ...622..759G",
    adsnote = "Provided by the SAO/NASA Astrophysics Data System"
}

@TechReport{greenplum:adminguide41,
    author = "EMC",
    title = "Greenplum Database 4.1 Administrator Guide",
    institution = "EMC Corporation",
    year = "2011",
    url = "http://www.greenplum.com/community/downloads/documentation/"
}

@TechReport{greenplum:installguide41,
    author = "EMC",
    title = "Greenplum Database 4.1 Installation Guide",
    institution = "EMC Corporation",
    year = "2011",
    url = "http://www.greenplum.com/community/downloads/documentation/"
}

@InProceedings{hamilton1843,
    author = "Hamilton, W. R.",
    title = "On a new Species of Imaginary Quantities connected with a theory of Quaternions",
    year = "1843",
    booktitle = "Proceedings of the Royal Irish Academy",
    volume = "2",
    pages = "424-434",
    url = "http://www.maths.tcd.ie/pub/HistMath/People/Hamilton/Quatern1/Quatern1.html"
}

@InProceedings{hamilton1844,
    author = "Hamilton, W. R.",
    title = "On Quaternions",
    year = "1847",
    booktitle = "Proceedings of the Royal Irish Academy",
    volume = "3",
    pages = "1-16",
    url = "http://www.maths.tcd.ie/pub/HistMath/People/Hamilton/Quatern2/Quatern2.html"
}

@InProceedings{hamilton:onquat,
    author = "Hamilton, William Rowan",
    title = "ON QUATERNIONS, OR ON A NEW SYSTEM OF IMAGINARIES IN ALGEBRA",
    year = "1844",
    booktitle = "Proceedings of the Royal Irish Academy",
    volume = "3",
    pages = "1-16",
    url = "http://www.maths.tcd.ie/pub/HistMath/People/Hamilton/OnQuat/OnQuat.pdf"
}

@TechReport{herschel:codingstandards,
    author = "Brumfit, J.",
    title = "{J}ava {C}oding {S}tandard and {G}uidelines for the {H}erschel {C}ommon {S}cience {S}ystem",
    institution = "ESTEC",
    year = "2002",
    month = "October",
    note = "HSCDT/TN009"
}

@InProceedings{hipparcos:history,
    author = "H{\o}g, E. and Bernacca, P. L. and Emiliani, L.",
    editor = "Perryman, M.A.C. and Bernacca, P.L.",
    title = "Early Phases of the Hipparcos Project",
    year = "1997",
    booktitle = "Proc.\ of Hipparcos Venice 97",
    pages = "xxvii--xxxv"
}

@TechReport{hipparcos:threestep,
    author = "Lindegren, L.",
    title = "A three-step procedure for deriving positions, proper motions, and parallaxes of stars observed by scanning great circles",
    institution = "Lund Observatory",
    year = "1976",
    month = "October",
    note = "Lund Observatory Technical note"
}

@TechReport{intersystems:chartingthegalaxy,
    author = "O'Mullane W., Nagjee V.",
    title = "Charting the Galaxy with the Gaia Satellite and InterSystems Cach\'{e}",
    institution = "InterSystems and DPAC",
    year = "2010",
    url = "http://www.intersystems.com/cache/whitepapers/charting_the_galaxy.html"
}

@ARTICLE{it:agile,
    author = "Larman, C. and Basili, V. R.",
    journal = "Computer",
    title = "{Iterative and Incremental Developments: A Brief History}",
    year = "2003",
    volume = "36",
    number = "6",
    pages = "47-56",
    keywords = "history;software engineering;agile methods;iterative and incremental developments;iterative enhancement;software engineering;software system; Application software;Feedback;Government;History;Iterative methods;Personnel; Programming;Radio access networks;Terminology;Testing",
    doi = "10.1109/MC.2003.1204375",
    month = "June"
}

@TechReport{it:javapopular,
    author = "Software, TIOBE",
    title = "TIOBE Programming Community Index",
    year = "2005",
    institution = "TIOBE",
    url = "http://www.tiobe.com/tiobe-index"
}

@Misc{log4cxx,
    author = "Project, Apache Logging Services",
    title = "{Apache log4cxx}",
    url = "https://logging.apache.org/log4cxx/latest_stable/"
}

@ARTICLE{moore65,
    author = "{M}oore, Gordon E.",
    title = "Cramming more components onto integrated circuits",
    journal = "Electronics",
    year = "1965",
    pages = "114",
    month = "April",
    volume = "38"
}

@PHDTHESIS{mpclass:Tholen,
    author = "{Tholen}, David James",
    title = "{Asteroid Taxonomy from Cluster Analysis of Photometry.}",
    keywords = "Physics: Astronomy and Astrophysics, Asteroids, Astronomical Photometry, Cluster Analysis, Taxonomy, Albedo, Data Bases, Principal Components Analysis, Spectrum Analysis, Astronomy",
    school = "University of Arizona",
    year = "1984",
    month = "September",
    adsurl = "https://ui.adsabs.harvard.edu/abs/1984PhDT.........3T",
    adsnote = "Provided by the SAO/NASA Astrophysics Data System"
}

@ARTICLE{mpclass:bus2002a,
    author = "{Bus}, Schelte J. and {Binzel}, Richard P.",
    title = "{Phase II of the Small Main-Belt Asteroid Spectroscopic Survey. The Observations}",
    journal = "\icarus",
    year = "2002",
    month = "July",
    volume = "158",
    number = "1",
    pages = "106-145",
    doi = "10.1006/icar.2002.6857",
    adsurl = "https://ui.adsabs.harvard.edu/abs/2002Icar..158..106B",
    adsnote = "Provided by the SAO/NASA Astrophysics Data System"
}

@ARTICLE{mpclass:warell,
    author = "{Warell}, J. and {Lagerkvist}, C. -I.",
    title = "{Asteroid taxonomic classification in the Gaia photometric system}",
    journal = "\aap",
    keywords = "minor planets, asteroids, methods: data analysis, space vehicles: instruments",
    year = "2007",
    month = "May",
    volume = "467",
    number = "2",
    pages = "749-752",
    doi = "10.1051/0004-6361:20065064",
    adsurl = "https://ui.adsabs.harvard.edu/abs/2007A&A...467..749W",
    adsnote = "Provided by the SAO/NASA Astrophysics Data System"
}

@Misc{mpi4py,
    key = "MPI4PY",
    title = "{MPI for Python}",
    url = "http://mpi4py.readthedocs.io/en/stable/"
}

@INPROCEEDINGS{munari2000,
    author = "{Munari}, U.",
    editor = "{Porceddu}, I. and {Aiello}, S.",
    title = "{The diffuse interstellar band at 8620 {\r{A}}: A good reddening tracer for GAIA}",
    keywords = "Astrophysics",
    booktitle = "Molecules in Space and in the Laboratory",
    year = "2000",
    volume = "67",
    month = "January",
    pages = "179",
    doi = "10.48550/arXiv.astro-ph/0010271",
    archivePrefix = "arXiv",
    eprint = "astro-ph/0010271",
    primaryClass = "astro-ph",
    adsurl = "https://ui.adsabs.harvard.edu/abs/2000msl..work..179M",
    adsnote = "Provided by the SAO/NASA Astrophysics Data System"
}

@TechReport{ndac:nullspace,
    author = "Lindegren, L.",
    title = "{P}seudosolution and pseudocovariances of least-squares problems with known null space",
    institution = "Lund Observatory",
    year = "1983",
    month = "April",
    note = "NDAC/LO/018, Hipparcos NDAC"
}

@ARTICLE{nist800-114,
    author = "Souppaya, Murugiah and Scarfone, Karen",
    title = "User‚Äôs Guide to Telework and Bring Your Own Device (BYOD) Security",
    journal = "COMPUTER SECURITY",
    publisher = "National Institute of Standards and Technology Special Publications",
    year = "2016",
    month = "jul",
    handle = "NIST.800-114",
    URL = "https://doi.org/10.6028/NIST.SP.800-114r1"
}

@ARTICLE{nist800-46,
    author = "Souppaya, Murugiah and Scarfone, Karen",
    title = "Guide to Enterprise Telework, Remote Access, and Bring Your Own Device (BYOD) Security",
    journal = "COMPUTER SECURITY",
    publisher = "National Institute of Standards and Technology Special Publications",
    year = "2016",
    month = "jul",
    handle = "NIST.800-46",
    URL = "https://doi.org/10.6028/NIST.SP.800-46r2"
}

@ARTICLE{nist800-53,
    author = "FORCE, JOINT TASK",
    title = "Security and Privacy Controls for Information Systems and Organizations",
    journal = "COMPUTER SECURITY",
    publisher = "National Institute of Standards and Technology Special Publications",
    year = "2020",
    month = "sep",
    handle = "NIST.800-53",
    URL = "https://doi.org/10.6028/NIST.SP.800-53r5"
}

@ARTICLE{nist800-60,
    author = "Stine, Kevin and Kissel, Rich and Barker, William C. and Fahlsing, Jim and Gulick, Jessica",
    title = "Volume I: Guide for Mapping Types of Information and Information Systems to Security Categories",
    journal = "INFORMATION SECURITY",
    publisher = "National Institute of Standards and Technology Special Publications",
    year = "2008",
    month = "aug",
    volume = "31",
    handle = "NIST.800-60",
    URL = "https://nvlpubs.nist.gov/nistpubs/Legacy/SP/nistspecialpublication800-60v1r1.pdf"
}

@TechReport{omg:tmtcxml,
    author = "Unknown",
    title = "Telemetric and Command Data Specification",
    institution = "Object Management Group --- Space Domain Task Force",
    year = "2003",
    month = "March",
    note = "space/2003-03-04",
    url = "http://www.omg.org/docs/space/03-03-12.pdf"
}

@INPROCEEDINGS{omu01,
    author = "{O'Mullane}, W. and {Banday}, A. J. and {G{\'o}rski}, K. M. and {Kunszt}, P. and {Szalay}, A. S.",
    editor = "{Banday}, Anthony J. and {Zaroubi}, Saleem and {Bartelmann}, Matthias",
    title = "{Splitting the Sky - HTM and HEALPix}",
    booktitle = "Mining the Sky",
    year = "2001",
    month = "January",
    pages = "638",
    doi = "10.1007/10849171_84",
    adsurl = "https://ui.adsabs.harvard.edu/abs/2001misk.conf..638O",
    adsnote = "Provided by the SAO/NASA Astrophysics Data System"
}

@TechReport{oracle:RAC,
    author = "Corporation, Oracle",
    title = "Installing Oracle RAC 10g on Linux x86",
    year = "2006",
    institution = "Oracle",
    month = "September",
    utl = "http://www.oracle.com/technology/pub/articles/smiley\_rac10g\_install.html"
}

@TechReport{oracle:dell,
    author = "support, Dell",
    title = "Linux Deployment guide",
    year = "2006",
    institution = "Dell",
    month = "September",
    note = "http://support.dell.com/support/edocs/software/appora10/lin10g/en/dg/10g21en0.pdf"
}

@misc{osn,
    author = "N{\'u}\textasciitilde {n}ez-Corrales, Santiago and Cragin, Melissa and White (Wonders), Alainna and Norman, Michael and Kickpatrick, Christine and Mchenry, Kenton and Ahalt, Stanley and Shanley, Lea and Goodhue, John and Simmel, Derek and Szalay, Alex",
    year = "2018",
    month = "11",
    pages = "",
    title = "Open Storage Network: national data storage cyberinfrastructure for the 21st",
    url = "http://rgdoi.net/10.13140/RG.2.2.31543.78249",
    doi = "10.13140/RG.2.2.31543.78249"
}

@article{paper:skyservermining,
    author = "Gray, J. and Szalay, A. S. and Thakar, A. and Kunszt, P. and Stoughton, C. and Slutz, D. and Vandenberg, J.",
    title = "Data {M}ining in the {SDSS} {S}ky{S}erver {D}atabase",
    year = "2003",
    journal = "Distributed Data and Structures 4: Records of the 4th International Meeting, W. Litwin, G.Levy (eds), Paris France March 2002"
}

@INPROCEEDINGS{paper:vodm,
    author = "{McDowell}, Jonathan",
    editor = "{Quinn}, Peter J. and {G{\'o}rski}, Krzysztof M.",
    title = "{Data Models for the VO}",
    booktitle = "Toward an International Virtual Observatory",
    year = "2004",
    month = "January",
    pages = "101",
    doi = "10.1007/10857598_15",
    adsurl = "https://ui.adsabs.harvard.edu/abs/2004tivo.conf..101M",
    adsnote = "Provided by the SAO/NASA Astrophysics Data System"
}

@phdthesis{phd:swb,
    author = "Brown, S.W.",
    title = "Characterisation and {M}itigation of {R}adiation {D}amage on the {G}aia {A}strometric {F}ield",
    year = "2010",
    school = "Institute of {A}stronomy, {U}niversity of {C}ambridge",
    address = "Madingley Road, Cambridge, CB3 0HA, United Kingdom"
}

@TechReport{planck:dbtestreport,
    author = "Vuerli, C. and O'Mullane, W.",
    title = "{DBMS-COTS} test week report",
    institution = "ESA",
    year = "2000",
    month = "February",
    note = "PL-COM-OAT-TN-009"
}

@INPROCEEDINGS{roemer:proposal,
    author = "{Hoeg}, E.",
    editor = "{Angrilla}, F. and {Bernacca}, P. L. and {Bianchini}, G.",
    title = "{A New Era of Global Astrometry and Photometry from Space and Ground}",
    booktitle = "Ideas for Space Research After the Year 2000",
    year = "1994",
    month = "January",
    pages = "247",
    adsurl = "https://ui.adsabs.harvard.edu/abs/1994isra.conf..247H",
    adsnote = "Provided by the SAO/NASA Astrophysics Data System"
}

@TechReport{roemer:submit,
    author = "Bastian, U. and Gilmore, G. and Halbwachs, J.L. and H{\o}g, E. and Knude, J. and Kovalevsky, J. and Labeyrie, A. and van Leeuwen, F. and Lindegren, L. and Pel, J. W. and Schrijver, H. and Stabell, R. and Thejll, P.",
    title = "ROEMER",
    institution = "Lund Observatory",
    year = "1993",
    month = "July",
    note = "Proposal for a Third Medium Size ESA Mission (M3), Lund 1993"
}

@INPROCEEDINGS{royce70,
    author = "{R}oyce, Winston",
    title = "{M}anaging the {D}evelopment of {L}arge {S}oftware {S}ystems",
    booktitle = "Proceedings of IEEE WESCON",
    year = "1970",
    month = "August",
    pages = "1-9",
    url = "http://www.cs.umd.edu/class/spring2003/cmsc838p/Process/waterfall.pdf"
}

@TechReport{sequel,
    author = "Chamberlin D., Boyce R.",
    title = "SEQUL: A Structured English Query Language",
    institution = "IBM research laboratory",
    year = "1974",
    url = "http://faculty.cse.tamu.edu/yurttas/PL/DBL/docs/sequel-1974.pdf"
}

@ARTICLE{shuster93,
    author = "{Shuster}, Malcolm D.",
    title = "{Survey of attitude representations}",
    journal = "Journal of the Astronautical Sciences",
    keywords = "Attitude Control, Flight Mechanics, Kinematic Equations, Satellite Orientation, Satellite Rotation, Covariance, Errors, Kinematics, Transformations (Mathematics), Astronautics (General)",
    year = "1993",
    month = "October",
    volume = "41",
    number = "4",
    pages = "439-517",
    adsurl = "https://ui.adsabs.harvard.edu/abs/1993JAnSc..41..439S",
    adsnote = "Provided by the SAO/NASA Astrophysics Data System"
}

@article{soton271449,
    author = "Moreau, Luc and Clifford, Ben and Freire, Juliana and Futrelle, Joe and Gil, Yolanda and Groth, Paul and Kwasnikowska, Natalia and Miles, Simon and Missier, Paolo and Myers, Jim and Plale, Beth and Simmhan, Yogesh and Stephan, Eric and den Bussche, Jan Van",
    volume = "27",
    number = "6",
    month = "June",
    title = "The Open Provenance Model core specification (v1.1)",
    journal = "Future Generation Computer Systems",
    pages = "743--756",
    year = "2011",
    keywords = "provenance, representation, inter-operability",
    url = "https://eprints.soton.ac.uk/271449/",
    abstract = "The Open Provenance Model is a model of provenance that is designed to meet the following requirements: (1) To allow provenance information to be exchanged between systems, by means of a compatibility layer based on a shared provenance model. (2) To allow developers to build and share tools that operate on such a provenance model. (3) To define provenance in a precise, technology-agnostic manner. (4) To support a digital representation of provenance for any 'thing', whether produced by computer systems or not. (5) To allow multiple levels of description to coexist. (6) To define a core set of rules that identify the valid inferences that can be made on provenance representation. This document contains the specification of the Open Provenance Model (v1.1) resulting from a community-effort to achieve inter-operability in the Provenance Challenge series."
}

@TechReport{sun:codingstandards,
    author = "Microsystems, Sun",
    title = "Code Conventions for the Java Programming Language",
    institution = "Sun",
    publisher = "Addison Wesley",
    year = "1999",
    month = "December",
    note = "http://java.sun.com/docs/codeconv"
}

@TechReport{sun:doccomments,
    author = "Microsystems, Sun",
    title = "How to write Doc Comments for JavaDoc",
    institution = "Sun",
    year = "2000",
    note = "http://java.sun.com/products/jdk/javadoc/writingdoccomments/index.html"
}

@TechReport{sun:style,
    author = "Microsystems, Sun",
    title = "Java Look and Feel Design Guidelines",
    institution = "Sun",
    year = "1999",
    month = "October",
    note = "http://java.sun.com/products/jlf/dg/index.htm"
}

@ARTICLE{tapiador2014,
    author = "{Tapiador}, D. and {O'Mullane}, W. and {Brown}, A. G. A. and {Luri}, X. and {Huedo}, E. and {Osuna}, P.",
    title = "{A framework for building hypercubes using MapReduce}",
    journal = "Computer Physics Communications",
    keywords = "Hypercube, Histogram, Data mining, MapReduce, Hadoop, Framework, Column-oriented, Gaia mission",
    year = "2014",
    month = "May",
    volume = "185",
    number = "5",
    pages = "1429-1438",
    doi = "10.1016/j.cpc.2014.02.010",
    adsurl = "https://ui.adsabs.harvard.edu/abs/2014CoPhC.185.1429T",
    adsnote = "Provided by the SAO/NASA Astrophysics Data System"
}

@InProceedings{terLinden05,
    author = "ter Linden, M. and de Wolf, H. and Grim, R.",
    title = "GridAssist, a User Friendly Grid-based Workflow Management Tool",
    year = "2005",
    booktitle = "2005 International Conference on Parallel Processing Workshops (ICPPW'05)",
    volume = "icppw",
    pages = "5-10",
    publisher = "IEEE Computer Society",
    doi = "10.1109/ICPPW.2005.37"
}

@misc{www:linpack,
    key = "LINPACK",
    note = "Linpack standard numerical benchmark",
    url = "http://www.top500.org/lists/linpack.php"
}

@misc{www:top500,
    key = "TOP500",
    note = "{TOP500} {S}upercomputer {S}ites",
    url = "http://www.top500.org"
}

@ARTICLE{zucker:1994,
    author = "{Zucker}, S. and {Mazeh}, T.",
    title = "{Study of Spectroscopic Binaries with TODCOR. I. A New Two-dimensional Correlation Algorithm to Derive the Radial Velocities of the Two Components}",
    journal = "\apj",
    keywords = "Algorithms, Binary Stars, Cross Correlation, Radial Velocity, Two Dimensional Models, Doppler Effect, Fast Fourier Transformations, Astrophysics, STARS: BINARIES: CLOSE, TECHNIQUES: RADIAL VELOCITIES",
    year = "1994",
    month = "January",
    volume = "420",
    pages = "806",
    doi = "10.1086/173605",
    adsurl = "https://ui.adsabs.harvard.edu/abs/1994ApJ...420..806Z",
    adsnote = "Provided by the SAO/NASA Astrophysics Data System"
}

@ARTICLE{zucker:2004,
    author = "{Zucker}, S. and {Mazeh}, T. and {Santos}, N. C. and {Udry}, S. and {Mayor}, M.",
    title = "{Multi-order TODCOR: Application to observations taken with the CORALIE echelle spectrograph. II. A planet in the system <ASTROBJ>HD 41004</ASTROBJ>}",
    journal = "\aap",
    keywords = "methods: data analysis, techniques: radial velocities, stars: binaries: spectroscopic, stars: individual: HD 41004, stars: low-mass, brown dwarfs",
    year = "2004",
    month = "November",
    volume = "426",
    pages = "695-698",
    doi = "10.1051/0004-6361:20040384",
    adsurl = "https://ui.adsabs.harvard.edu/abs/2004A&A...426..695Z",
    adsnote = "Provided by the SAO/NASA Astrophysics Data System"
}
